@article{doi:10.1093/mnras/260.4.765,
author = {Coles, Peter and Melott, Adrian L. and Shandarin, Sergei F.},
title = {Testing approximations for non-linear gravitational clustering},
journal = {Monthly Notices of the Royal Astronomical Society},
volume = {260},
number = {4},
pages = {765-776},
year = {1993},
doi = {10.1093/mnras/260.4.765},
URL = {http://dx.doi.org/10.1093/mnras/260.4.765},
eprint = {/oup/backfile/content_public/journal/mnras/260/4/10.1093/mnras/260.4.765/2/mnras260-0765.pdf}
}

@ARTICLE{1970A&A.....5...84Z,
   author = {{Zel'dovich}, Y.~B.},
    title = "{Gravitational instability: An approximate theory for large density perturbations.}",
  journal = {\aap},
     year = 1970,
	month = 3,
   volume = 5,
    pages = {84-89},
   adsurl = {http://adsabs.harvard.edu/abs/1970A%26A.....5...84Z},
  adsnote = {Provided by the SAO/NASA Astrophysics Data System}
}

@article{Matarrese:1992be,
	author         = "Matarrese, Sabino and Lucchin, Francesco and Moscardini,
	Lauro and Saez, Diego",
	title          = "{A Frozen flow approximation to the evolution of large
	scale structures in the universe}",
	journal        = "Mon. Not. Roy. Astron. Soc.",
	volume         = "259",
	year           = "1992",
	pages          = "437-452",
	reportNumber   = "DFPD-92-A-16",
	SLACcitation   = "%%CITATION = MNRAA,259,437;%%"
}

@ARTICLE{1994MNRAS.266..227B,
	author = {{Bagla}, J.~S. and {Padmanabhan}, T.},
	title = "{Nonlinear Evolution of Density Perturbations Using the Approximate Constancy of the Gravitational Potential}",
	journal = {\mnras},
	eprint = {gr-qc/9304021},
	year = 1994,
	month = 1,
	volume = 266,
	pages = {227},
	doi = {10.1093/mnras/266.1.227},
	adsurl = {http://adsabs.harvard.edu/abs/1994MNRAS.266..227B},
	adsnote = {Provided by the SAO/NASA Astrophysics Data System}
}

@article{doi:10.1093/mnras/269.3.626,
author = {Melott, Adrian L. and Pellman, Todd F. and Shandarin, Sergei F.},
title = {Optimizing the Zel'dovich approximation},
journal = {Monthly Notices of the Royal Astronomical Society},
volume = {269},
number = {3},
pages = {626-638},
year = {1994},
doi = {10.1093/mnras/269.3.626},
URL = {http://dx.doi.org/10.1093/mnras/269.3.626},
eprint = {/oup/backfile/content_public/journal/mnras/269/3/10.1093_mnras_269.3.626/3/mnras269-0626.pdf}
}

@ARTICLE{2020MNRAS.493.2085V,
       author = {{Vra{\v{s}}til}, Michal and {Habib}, Salman},
        title = "{Fast approximate methods for modified gravity cosmological simulations}",
      journal = {\mnras},
     keywords = {methods: numerical, large-scale structure of Universe, cosmology: theory},
         year = 2020,
	month = 4,
       volume = {493},
       number = {2},
        pages = {2085-2100},
          doi = {10.1093/mnras/staa333},
       adsurl = {https://ui.adsabs.harvard.edu/abs/2020MNRAS.493.2085V},
      adsnote = {Provided by the SAO/NASA Astrophysics Data System}
}

@ARTICLE{2014MNRAS.439.3630W,
       author = {{White}, Martin},
        title = "{The Zel'dovich approximation}",
      journal = {\mnras},
     keywords = {gravitation, galaxies: haloes, galaxies: statistics, cosmological parameters, large-scale structure of Universe, Astrophysics - Cosmology and Nongalactic Astrophysics},
         year = 2014,
	month = 4,
       volume = {439},
       number = {4},
        pages = {3630-3640},
          doi = {10.1093/mnras/stu209},
archivePrefix = {arXiv},
       eprint = {1401.5466},
 primaryClass = {astro-ph.CO},
       adsurl = {https://ui.adsabs.harvard.edu/abs/2014MNRAS.439.3630W},
      adsnote = {Provided by the SAO/NASA Astrophysics Data System}
}

@ARTICLE{1989MNRAS.236..385G,
       author = {{Gurbatov}, S.~N. and {Saichev}, A.~I. and {Shandarin}, S.~F.},
        title = "{The large-scale structure of the universe in the frame of the model equation of non-linear diffusion}",
      journal = {\mnras},
     keywords = {Astronomical Models, Cosmology, Diffusion, Evolution (Development), Universe, Asymptotic Methods, Density Distribution, Gravitational Effects, Velocity Distribution, Astrophysics},
         year = 1989,
	month = 1,
       volume = {236},
        pages = {385-402},
          doi = {10.1093/mnras/236.2.385},
       adsurl = {https://ui.adsabs.harvard.edu/abs/1989MNRAS.236..385G},
      adsnote = {Provided by the SAO/NASA Astrophysics Data System}
}

@ARTICLE{1990MNRAS.247..260W,
       author = {{Weinberg}, D.~H. and {Gunn}, J.~E.},
        title = "{Largescale Structure and the Adhesion Approximation}",
      journal = {\mnras},
         year = 1990,
	month = 11,
       volume = {247},
        pages = {260},
       adsurl = {https://ui.adsabs.harvard.edu/abs/1990MNRAS.247..260W},
      adsnote = {Provided by the SAO/NASA Astrophysics Data System}
}

@ARTICLE{1994ApJ...428...28M,
       author = {{Melott}, Adrian L. and {Shandarin}, Sergei F. and {Weinberg}, David H.},
        title = "{A Test of the Adhesion Approximation for Gravitational Clustering}",
      journal = {\apj},
     keywords = {Adhesion, Approximation, Astronomical Models, Cosmology, Galactic Clusters, Galactic Evolution, Perturbation Theory, Stellar Gravitation, Many Body Problem, Mass Distribution, Normal Density Functions, Numerical Analysis, Power Spectra, Astrophysics, GALAXIES: CLUSTERING, GALAXIES: FORMATION, COSMOLOGY: LARGE-SCALE STRUCTURE OF UNIVERSE, METHODS: NUMERICAL, Astrophysics},
         year = 1994,
	month = 6,
       volume = {428},
        pages = {28},
          doi = {10.1086/174216},
archivePrefix = {arXiv},
       eprint = {astro-ph/9311075},
 primaryClass = {astro-ph},
       adsurl = {https://ui.adsabs.harvard.edu/abs/1994ApJ...428...28M},
      adsnote = {Provided by the SAO/NASA Astrophysics Data System}
}

@ARTICLE{2003MNRAS.341.1311S,
       author = {{Smith}, R.~E. and {Peacock}, J.~A. and {Jenkins}, A. and
         {White}, S.~D.~M. and {Frenk}, C.~S. and {Pearce}, F.~R. and
         {Thomas}, P.~A. and {Efstathiou}, G. and {Couchman}, H.~M.~P.},
        title = "{Stable clustering, the halo model and non-linear cosmological power spectra}",
      journal = {\mnras},
     keywords = {methods: N-body simulations, cosmology: theory, large-scale structure of Universe, Astrophysics},
         year = 2003,
	month = 6,
       volume = {341},
       number = {4},
        pages = {1311-1332},
          doi = {10.1046/j.1365-8711.2003.06503.x},
archivePrefix = {arXiv},
       eprint = {astro-ph/0207664},
 primaryClass = {astro-ph},
       adsurl = {https://ui.adsabs.harvard.edu/abs/2003MNRAS.341.1311S},
      adsnote = {Provided by the SAO/NASA Astrophysics Data System}
}

@ARTICLE{1991ApJ...374L...1H,
       author = {{Hamilton}, A.~J.~S. and {Kumar}, P. and {Lu}, Edward and
         {Matthews}, Alex},
        title = "{Reconstructing the Primordial Spectrum of Fluctuations of the Universe from the Observed Nonlinear Clustering of Galaxies}",
      journal = {\apjl},
     keywords = {Astronomical Spectroscopy, Cosmology, Galactic Clusters, Universe, Computational Astrophysics, Correlation, Many Body Problem, Astrophysics, COSMOLOGY, GALAXIES: CLUSTERING},
         year = 1991,
	month = 6,
       volume = {374},
        pages = {L1},
          doi = {10.1086/186057},
       adsurl = {https://ui.adsabs.harvard.edu/abs/1991ApJ...374L...1H},
      adsnote = {Provided by the SAO/NASA Astrophysics Data System}
}

@ARTICLE{1996MNRAS.280L..19P,
       author = {{Peacock}, J.~A. and {Dodds}, S.~J.},
        title = "{Non-linear evolution of cosmological power spectra}",
      journal = {\mnras},
     keywords = {COSMOLOGY: THEORY, LARGE-SCALE STRUCTURE OF UNIVERSE, Astrophysics},
         year = 1996,
	month = 6,
       volume = {280},
       number = {3},
        pages = {L19-L26},
          doi = {10.1093/mnras/280.3.L19},
archivePrefix = {arXiv},
       eprint = {astro-ph/9603031},
 primaryClass = {astro-ph},
       adsurl = {https://ui.adsabs.harvard.edu/abs/1996MNRAS.280L..19P},
      adsnote = {Provided by the SAO/NASA Astrophysics Data System}
}

@ARTICLE{1974ApJ...189L..51P,
       author = {{Peebles}, P.~J.~E.},
        title = "{The Gravitational-Instability Picture and the Nature of the Distribution of Galaxies}",
      journal = {\apjl},
         year = 1974,
	month = 4,
       volume = {189},
        pages = {L51},
          doi = {10.1086/181462},
       adsurl = {https://ui.adsabs.harvard.edu/abs/1974ApJ...189L..51P},
      adsnote = {Provided by the SAO/NASA Astrophysics Data System}
}

@ARTICLE{2010MNRAS.403.1859J,
       author = {{Jenkins}, Adrian},
        title = "{Second-order Lagrangian perturbation theory initial conditions for resimulations}",
      journal = {\mnras},
     keywords = {methods: N-body simulations, cosmology: theory, Astrophysics - Cosmology and Nongalactic Astrophysics, Astrophysics - Astrophysics of Galaxies},
         year = 2010,
	month = 4,
       volume = {403},
       number = {4},
        pages = {1859-1872},
          doi = {10.1111/j.1365-2966.2010.16259.x},
archivePrefix = {arXiv},
       eprint = {0910.0258},
 primaryClass = {astro-ph.CO},
       adsurl = {https://ui.adsabs.harvard.edu/abs/2010MNRAS.403.1859J},
      adsnote = {Provided by the SAO/NASA Astrophysics Data System}
}

@ARTICLE{2014ApJ...788...63S,
       author = {{Sugiyama}, Naonori S.},
        title = "{Using Lagrangian Perturbation Theory for Precision Cosmology}",
      journal = {\apj},
     keywords = {dark matter, large-scale structure of universe, Astrophysics - Cosmology and Nongalactic Astrophysics, Astrophysics - Astrophysics of Galaxies, General Relativity and Quantum Cosmology},
         year = 2014,
	month = 6,
       volume = {788},
       number = {1},
          eid = {63},
        pages = {63},
          doi = {10.1088/0004-637X/788/1/63},
archivePrefix = {arXiv},
       eprint = {1311.0725},
 primaryClass = {astro-ph.CO},
       adsurl = {https://ui.adsabs.harvard.edu/abs/2014ApJ...788...63S},
      adsnote = {Provided by the SAO/NASA Astrophysics Data System}
}

@ARTICLE{2002PhR...367....1B,
       author = {{Bernardeau}, F. and {Colombi}, S. and {Gazta{\~n}aga}, E. and
         {Scoccimarro}, R.},
        title = "{Large-scale structure of the Universe and cosmological perturbation theory}",
      journal = {\physrep},
     keywords = {Astrophysics},
         year = 2002,
	month = 9,
       volume = {367},
       number = {1-3},
        pages = {1-248},
          doi = {10.1016/S0370-1573(02)00135-7},
archivePrefix = {arXiv},
       eprint = {astro-ph/0112551},
 primaryClass = {astro-ph},
       adsurl = {https://ui.adsabs.harvard.edu/abs/2002PhR...367....1B},
      adsnote = {Provided by the SAO/NASA Astrophysics Data System}
}

@ARTICLE{2013JCAP...06..036T,
       author = {{Tassev}, Svetlin and {Zaldarriaga}, Matias and {Eisenstein}, Daniel J.},
        title = "{Solving large scale structure in ten easy steps with COLA}",
      journal = {\jcap},
     keywords = {Astrophysics - Cosmology and Extragalactic Astrophysics},
         year = 2013,
	month = 6,
       volume = {2013},
       number = {6},
          eid = {036},
        pages = {036},
          doi = {10.1088/1475-7516/2013/06/036},
archivePrefix = {arXiv},
       eprint = {1301.0322},
 primaryClass = {astro-ph.CO},
       adsurl = {https://ui.adsabs.harvard.edu/abs/2013JCAP...06..036T},
      adsnote = {Provided by the SAO/NASA Astrophysics Data System}
}

