@ARTICLE{planck_cosm,
       author = {{Planck Collaboration} and {Aghanim}, N. and {Akrami}, Y. and
         {Ashdown}, M. and {Aumont}, J. and {Baccigalupi}, C. and
         {Ballardini}, M. and {Banday}, A.~J. and {Barreiro}, R.~B. and
         {Bartolo}, N. and {Basak}, S. and {Battye}, R. and {Benabed}, K. and
         {Bernard}, J. -P. and {Bersanelli}, M. and {Bielewicz}, P. and
         {Bock}, J.~J. and {Bond}, J.~R. and {Borrill}, J. and {Bouchet}, F.~R. and
         {Boulanger}, F. and {Bucher}, M. and {Burigana}, C. and
         {Butler}, R.~C. and {Calabrese}, E. and {Cardoso}, J. -F. and
         {Carron}, J. and {Challinor}, A. and {Chiang}, H.~C. and {Chluba}, J. and
         {Colombo}, L.~P.~L. and {Combet}, C. and {Contreras}, D. and
         {Crill}, B.~P. and {Cuttaia}, F. and {de Bernardis}, P. and
         {de Zotti}, G. and {Delabrouille}, J. and {Delouis}, J. -M. and
         {Di Valentino}, E. and {Diego}, J.~M. and {Dor{\'e}}, O. and
         {Douspis}, M. and {Ducout}, A. and {Dupac}, X. and {Dusini}, S. and
         {Efstathiou}, G. and {Elsner}, F. and {En{\ss}lin}, T.~A. and
         {Eriksen}, H.~K. and {Fantaye}, Y. and {Farhang}, M. and
         {Fergusson}, J. and {Fernandez-Cobos}, R. and {Finelli}, F. and
         {Forastieri}, F. and {Frailis}, M. and {Fraisse}, A.~A. and
         {Franceschi}, E. and {Frolov}, A. and {Galeotta}, S. and {Galli}, S. and
         {Ganga}, K. and {G{\'e}nova-Santos}, R.~T. and {Gerbino}, M. and
         {Ghosh}, T. and {Gonz{\'a}lez-Nuevo}, J. and {G{\'o}rski}, K.~M. and
         {Gratton}, S. and {Gruppuso}, A. and {Gudmundsson}, J.~E. and
         {Hamann}, J. and {Handley}, W. and {Hansen}, F.~K. and {Herranz}, D. and
         {Hildebrandt}, S.~R. and {Hivon}, E. and {Huang}, Z. and
         {Jaffe}, A.~H. and {Jones}, W.~C. and {Karakci}, A. and
         {Keih{\"a}nen}, E. and {Keskitalo}, R. and {Kiiveri}, K. and {Kim}, J. and
         {Kisner}, T.~S. and {Knox}, L. and {Krachmalnicoff}, N. and {Kunz}, M. and
         {Kurki-Suonio}, H. and {Lagache}, G. and {Lamarre}, J. -M. and
         {Lasenby}, A. and {Lattanzi}, M. and {Lawrence}, C.~R. and
         {Le Jeune}, M. and {Lemos}, P. and {Lesgourgues}, J. and {Levrier}, F. and
         {Lewis}, A. and {Liguori}, M. and {Lilje}, P.~B. and {Lilley}, M. and
         {Lindholm}, V. and {L{\'o}pez-Caniego}, M. and {Lubin}, P.~M. and
         {Ma}, Y. -Z. and {Mac{\'\i}as-P{\'e}rez}, J.~F. and {Maggio}, G. and
         {Maino}, D. and {Mandolesi}, N. and {Mangilli}, A. and
         {Marcos-Caballero}, A. and {Maris}, M. and {Martin}, P.~G. and
         {Martinelli}, M. and {Mart{\'\i}nez-Gonz{\'a}lez}, E. and
         {Matarrese}, S. and {Mauri}, N. and {McEwen}, J.~D. and
         {Meinhold}, P.~R. and {Melchiorri}, A. and {Mennella}, A. and
         {Migliaccio}, M. and {Millea}, M. and {Mitra}, S. and
         {Miville-Desch{\^e}nes}, M. -A. and {Molinari}, D. and {Montier}, L. and
         {Morgante}, G. and {Moss}, A. and {Natoli}, P. and
         {N{\o}rgaard-Nielsen}, H.~U. and {Pagano}, L. and {Paoletti}, D. and
         {Partridge}, B. and {Patanchon}, G. and {Peiris}, H.~V. and
         {Perrotta}, F. and {Pettorino}, V. and {Piacentini}, F. and
         {Polastri}, L. and {Polenta}, G. and {Puget}, J. -L. and
         {Rachen}, J.~P. and {Reinecke}, M. and {Remazeilles}, M. and
         {Renzi}, A. and {Rocha}, G. and {Rosset}, C. and {Roudier}, G. and
         {Rubi{\~n}o-Mart{\'\i}n}, J.~A. and {Ruiz-Granados}, B. and
         {Salvati}, L. and {Sandri}, M. and {Savelainen}, M. and {Scott}, D. and
         {Shellard}, E.~P.~S. and {Sirignano}, C. and {Sirri}, G. and
         {Spencer}, L.~D. and {Sunyaev}, R. and {Suur-Uski}, A. -S. and
         {Tauber}, J.~A. and {Tavagnacco}, D. and {Tenti}, M. and
         {Toffolatti}, L. and {Tomasi}, M. and {Trombetti}, T. and
         {Valenziano}, L. and {Valiviita}, J. and {Van Tent}, B. and
         {Vibert}, L. and {Vielva}, P. and {Villa}, F. and {Vittorio}, N. and {Wand
        elt}, B.~D. and {Wehus}, I.~K. and {White}, M. and {White}, S.~D.~M. and
         {Zacchei}, A. and {Zonca}, A.},
        title = "{Planck 2018 results. VI. Cosmological parameters}",
      journal = {arXiv e-prints},
     keywords = {Astrophysics - Cosmology and Nongalactic Astrophysics},
         year = 2018,
	month = 7,
archivePrefix = {arXiv},
       eprint = {1807.06209},
 primaryClass = {astro-ph.CO},
       adsurl = {https://ui.adsabs.harvard.edu/abs/2018arXiv180706209P},
      adsnote = {Provided by the SAO/NASA Astrophysics Data System}
}



@article{SDSS_I_II,
       author = {{Kessler}, Richard and {Becker}, Andrew C. and {Cinabro}, David and {Vand
        erplas}, Jake and {Frieman}, Joshua A. and {Marriner}, John and
         {Davis}, Tamara M. and {Dilday}, Benjamin and {Holtzman}, Jon and
         {Jha}, Saurabh W. and {Lampeitl}, Hubert and {Sako}, Masao and
         {Smith}, Mathew and {Zheng}, Chen and {Nichol}, Robert C. and
         {Bassett}, Bruce and {Bender}, Ralf and {Depoy}, Darren L. and
         {Doi}, Mamoru and {Elson}, Ed and {Filippenko}, Alexei V. and
         {Foley}, Ryan J. and {Garnavich}, Peter M. and {Hopp}, Ulrich and
         {Ihara}, Yutaka and {Ketzeback}, William and {Kollatschny}, W. and
         {Konishi}, Kohki and {Marshall}, Jennifer L. and {McMillan}, Russet J. and
         {Miknaitis}, Gajus and {Morokuma}, Tomoki and {M{\"o}rtsell}, Edvard and
         {Pan}, Kaike and {Prieto}, Jose Luis and {Richmond}, Michael W. and
         {Riess}, Adam G. and {Romani}, Roger and {Schneider}, Donald P. and
         {Sollerman}, Jesper and {Takanashi}, Naohiro and {Tokita}, Kouichi and
         {van der Heyden}, Kurt and {Wheeler}, J.~C. and {Yasuda}, Naoki and
         {York}, Donald},
        title = "{First-Year Sloan Digital Sky Survey-II Supernova Results: Hubble Diagram and Cosmological Parameters}",
      journal = {\apjs},
     keywords = {cosmological parameters, cosmology: observations, distance scale, methods: data analysis, supernovae: general, surveys, Astrophysics - Cosmology and Nongalactic Astrophysics},
         year = 2009,
	month = 11,
       volume = {185},
       number = {1},
        pages = {32-84},
          doi = {10.1088/0067-0049/185/1/32},
archivePrefix = {arXiv},
       eprint = {0908.4274},
 primaryClass = {astro-ph.CO},
       adsurl = {https://ui.adsabs.harvard.edu/abs/2009ApJS..185...32K},
      adsnote = {Provided by the SAO/NASA Astrophysics Data System}
}

@article{BOSS_results,
  title = {Cosmological implications of baryon acoustic oscillation measurements},
  author = {Aubourg, \'Eric and Bailey, Stephen and Bautista, Julian E. and Beutler, Florian and Bhardwaj, Vaishali and Bizyaev, Dmitry and Blanton, Michael and Blomqvist, Michael and Bolton, Adam S. and Bovy, Jo and Brewington, Howard and Brinkmann, J. and Brownstein, Joel R. and Burden, Angela and Busca, Nicol\'as G. and Carithers, William and Chuang, Chia-Hsun and Comparat, Johan and Croft, Rupert A. C. and Cuesta, Antonio J. and Dawson, Kyle S. and Delubac, Timoth\'ee and Eisenstein, Daniel J. and Font-Ribera, Andreu and Ge, Jian and Le Goff, J.-M. and Gontcho, Satya Gontcho A. and Gott, J. Richard and Gunn, James E. and Guo, Hong and Guy, Julien and Hamilton, Jean-Christophe and Ho, Shirley and Honscheid, Klaus and Howlett, Cullan and Kirkby, David and Kitaura, Francisco S. and Kneib, Jean-Paul and Lee, Khee-Gan and Long, Dan and Lupton, Robert H. and Maga\~na, Mariana Vargas and Malanushenko, Viktor and Malanushenko, Elena and Manera, Marc and Maraston, Claudia and Margala, Daniel and McBride, Cameron K. and Miralda-Escud\'e, Jordi and Myers, Adam D. and Nichol, Robert C. and Noterdaeme, Pasquier and Nuza, Sebasti\'an E. and Olmstead, Matthew D. and Oravetz, Daniel and P\^aris, Isabelle and Padmanabhan, Nikhil and Palanque-Delabrouille, Nathalie and Pan, Kaike and Pellejero-Ibanez, Marcos and Percival, Will J. and Petitjean, Patrick and Pieri, Matthew M. and Prada, Francisco and Reid, Beth and Rich, James and Roe, Natalie A. and Ross, Ashley J. and Ross, Nicholas P. and Rossi, Graziano and Rubi\~no-Mart\'{\i}n, Jose Alberto and S\'anchez, Ariel G. and Samushia, Lado and Santos, Ricardo Tanaus\'u G\'enova and Sc\'occola, Claudia G. and Schlegel, David J. and Schneider, Donald P. and Seo, Hee-Jong and Sheldon, Erin and Simmons, Audrey and Skibba, Ramin A. and Slosar, An\ifmmode \check{z}\else \v{z}\fi{}e and Strauss, Michael A. and Thomas, Daniel and Tinker, Jeremy L. and Tojeiro, Rita and Vazquez, Jose Alberto and Viel, Matteo and Wake, David A. and Weaver, Benjamin A. and Weinberg, David H. and Wood-Vasey, W. M. and Y\`eche, Christophe and Zehavi, Idit and Zhao, Gong-Bo},
  collaboration = {BOSS Collaboration},
  journal = {\prd},
  volume = {92},
  issue = {12},
  pages = {123516},
  numpages = {38},
  year = {2015},
	month = 12,
  publisher = {American Physical Society},
  doi = {10.1103/PhysRevD.92.123516},
  url = {https://link.aps.org/doi/10.1103/PhysRevD.92.123516}
}

@article{WMAP_results,
       author = {{Hinshaw}, G. and {Larson}, D. and {Komatsu}, E. and {Spergel}, D.~N. and
         {Bennett}, C.~L. and {Dunkley}, J. and {Nolta}, M.~R. and
         {Halpern}, M. and {Hill}, R.~S. and {Odegard}, N. and {Page}, L. and
         {Smith}, K.~M. and {Weiland}, J.~L. and {Gold}, B. and {Jarosik}, N. and
         {Kogut}, A. and {Limon}, M. and {Meyer}, S.~S. and {Tucker}, G.~S. and
         {Wollack}, E. and {Wright}, E.~L.},
        title = "{Nine-year Wilkinson Microwave Anisotropy Probe (WMAP) Observations: Cosmological Parameter Results}",
      journal = {\apjs},
     keywords = {cosmic background radiation, cosmology: observations, dark matter, early universe, instrumentation: detectors, space vehicles, space vehicles: instruments, telescopes, Astrophysics - Cosmology and Nongalactic Astrophysics},
         year = 2013,
	month = 10,
       volume = {208},
       number = {2},
          eid = {19},
        pages = {19},
          doi = {10.1088/0067-0049/208/2/19},
archivePrefix = {arXiv},
       eprint = {1212.5226},
 primaryClass = {astro-ph.CO},
       adsurl = {https://ui.adsabs.harvard.edu/abs/2013ApJS..208...19H},
      adsnote = {Provided by the SAO/NASA Astrophysics Data System}
}

@article{SDSS,
	abstract = {The Sloan Digital Sky Survey (SDSS) will provide the data to support detailed investigations of the distribution of luminous and nonluminous matter in the universe: a photometrically and astrometrically calibrated digital imaging survey of ? sr above about Galactic latitude 30° in five broad optical bands to a depth of g' 23 mag, and a spectroscopic survey of the approximately 106 brightest galaxies and 105 brightest quasars found in the photometric object catalog produced by the imaging survey. This paper summarizes the observational parameters and data products of the SDSS and serves as an introduction to extensive technical on-line documentation.},
	author = {Donald G. York and J. Adelman and Jr. {John E. Anderson} and Scott F. Anderson and James Annis and Neta A. Bahcall and J. A. Bakken and Robert Barkhouser and Steven Bastian and Eileen Berman and William N. Boroski and Steve Bracker and Charlie Briegel and John W. Briggs and J. Brinkmann and Robert Brunner and Scott Burles and Larry Carey and Michael A. Carr and Francisco J. Castander and Bing Chen and Patrick L. Colestock and A. J. Connolly and J. H. Crocker and Istv{\`a}n Csabai and Paul C. Czarapata and John Eric Davis and Mamoru Doi and Tom Dombeck and Daniel Eisenstein and Nancy Ellman and Brian R. Elms and Michael L. Evans and Xiaohui Fan and Glenn R. Federwitz and Larry Fiscelli and Scott Friedman and Joshua A. Frieman and Masataka Fukugita and Bruce Gillespie and James E. Gunn and Vijay K. Gurbani and Ernst de Haas and Merle Haldeman and Frederick H. Harris and J. Hayes and Timothy M. Heckman and G. S. Hennessy and Robert B. Hindsley and Scott Holm and Donald J. Holmgren and Chi-hao Huang and Charles Hull and Don Husby and Shin-Ichi Ichikawa and Takashi Ichikawa and �eljko Ivezi� and Stephen Kent and Rita S. J. Kim and E. Kinney and Mark Klaene and A. N. Kleinman and S. Kleinman and G. R. Knapp and John Korienek and Richard G. Kron and Peter Z. Kunszt and D. Q. Lamb and B. Lee and R. French Leger and Siriluk Limmongkol and Carl Lindenmeyer and Daniel C. Long and Craig Loomis and Jon Loveday and Rich Lucinio and Robert H. Lupton and Bryan MacKinnon and Edward J. Mannery and P. M. Mantsch and Bruce Margon and Peregrine McGehee and Timothy A. McKay and Avery Meiksin and Aronne Merelli and David G. Monet and Jeffrey A. Munn and Vijay K. Narayanan and Thomas Nash and Eric Neilsen and Rich Neswold and Heidi Jo Newberg and R. C. Nichol and Tom Nicinski and Mario Nonino and Norio Okada and Sadanori Okamura and Jeremiah P. Ostriker and Russell Owen and A. George Pauls and John Peoples and R. L. Peterson and Donald Petravick and Jeffrey R. Pier and Adrian Pope and Ruth Pordes and Angela Prosapio and Ron Rechenmacher and Thomas R. Quinn and Gordon T. Richards and Michael W. Richmond and Claudio H. Rivetta and Constance M. Rockosi and Kurt Ruthmansdorfer and Dale Sandford and David J. Schlegel and Donald P. Schneider and Maki Sekiguchi and Gary Sergey and Kazuhiro Shimasaku and Walter A. Siegmund and Stephen Smee and J. Allyn Smith and S. Snedden and R. Stone and Chris Stoughton and Michael A. Strauss and Christopher Stubbs and Mark SubbaRao and Alexander S. Szalay and Istvan Szapudi and Gyula P. Szokoly and Anirudda R. Thakar and Christy Tremonti and Douglas L. Tucker and Alan Uomoto and Dan Vanden Berk and Michael S. Vogeley and Patrick Waddell and Shu-i Wang and Masaru Watanabe and David H. Weinberg and Brian Yanny and Naoki Yasuda},
	doi = {10.1086/301513},
	journal = {\aj},
	month = 9,
	number = {3},
	pages = {1579-1587},
	publisher = {{IOP} Publishing},
	title = {The Sloan Digital Sky Survey: Technical Summary},
	url = {https://doi.org/10.1086%2F301513},
	volume = {120},
	year = 2000
}

@ARTICLE{WMAP,
       author = {{Bennett}, C.~L. and {Bay}, M. and {Halpern}, M. and {Hinshaw}, G. and
         {Jackson}, C. and {Jarosik}, N. and {Kogut}, A. and {Limon}, M. and
         {Meyer}, S.~S. and {Page}, L. and {Spergel}, D.~N. and {Tucker}, G.~S. and
         {Wilkinson}, D.~T. and {Wollack}, E. and {Wright}, E.~L.},
        title = "{The Microwave Anisotropy Probe Mission}",
      journal = {\apj},
     keywords = {Cosmology: Cosmic Microwave Background, Cosmology: Observations, Cosmology: Dark Matter, Cosmology: Early Universe, Space Vehicles: Instruments, Astrophysics},
         year = "2003",
	month = 1,
       volume = {583},
       number = {1},
        pages = {1-23},
          doi = {10.1086/345346},
archivePrefix = {arXiv},
       eprint = {astro-ph/0301158},
 primaryClass = {astro-ph},
       adsurl = {https://ui.adsabs.harvard.edu/abs/2003ApJ...583....1B},
      adsnote = {Provided by the SAO/NASA Astrophysics Data System}
}


@BOOK{planck,
	author = {{Planck Collaboration} and {Ade, P. A. R.} and {Aghanim, N.} and {Arnaud, M.} and {Ashdown, M.} and {Aumont, J.} and {Baccigalupi, C.} and {Banday, A. J.} and {Barreiro, R. B.} and {Bartlett, J. G.} and {Bartolo, N.} and {Battaner, E.} and {Battye, R.} and {Benabed, K.} and {Beno�t, A.} and {Benoit-L�vy, A.} and {Bernard, J.-P.} and {Bersanelli, M.} and {Bielewicz, P.} and {Bock, J. J.} and {Bonaldi, A.} and {Bonavera, L.} and {Bond, J. R.} and {Borrill, J.} and {Bouchet, F. R.} and {Boulanger, F.} and {Bucher, M.} and {Burigana, C.} and {Butler, R. C.} and {Calabrese, E.} and {Cardoso, J.-F.} and {Catalano, A.} and {Challinor, A.} and {Chamballu, A.} and {Chary, R.-R.} and {Chiang, H. C.} and {Chluba, J.} and {Christensen, P. R.} and {Church, S.} and {Clements, D. L.} and {Colombi, S.} and {Colombo, L. P. L.} and {Combet, C.} and {Coulais, A.} and {Crill, B. P.} and {Curto, A.} and {Cuttaia, F.} and {Danese, L.} and {Davies, R. D.} and {Davis, R. J.} and {de Bernardis, P.} and {de Rosa, A.} and {de Zotti, G.} and {Delabrouille, J.} and {D�sert, F.-X.} and {Di Valentino, E.} and {Dickinson, C.} and {Diego, J. M.} and {Dolag, K.} and {Dole, H.} and {Donzelli, S.} and {Dor�, O.} and {Douspis, M.} and {Ducout, A.} and {Dunkley, J.} and {Dupac, X.} and {Efstathiou, G.} and {Elsner, F.} and {En�lin, T. A.} and {Eriksen, H. K.} and {Farhang, M.} and {Fergusson, J.} and {Finelli, F.} and {Forni, O.} and {Frailis, M.} and {Fraisse, A. A.} and {Franceschi, E.} and {Frejsel, A.} and {Galeotta, S.} and {Galli, S.} and {Ganga, K.} and {Gauthier, C.} and {Gerbino, M.} and {Ghosh, T.} and {Giard, M.} and {Giraud-H�raud, Y.} and {Giusarma, E.} and {Gjerl?w, E.} and {Gonz�lez-Nuevo, J.} and {G�rski, K. M.} and {Gratton, S.} and {Gregorio, A.} and {Gruppuso, A.} and {Gudmundsson, J. E.} and {Hamann, J.} and {Hansen, F. K.} and {Hanson, D.} and {Harrison, D. L.} and {Helou, G.} and {Henrot-Versill�, S.} and {Hern�ndez-Monteagudo, C.} and {Herranz, D.} and {Hildebrandt, S. R.} and {Hivon, E.} and {Hobson, M.} and {Holmes, W. A.} and {Hornstrup, A.} and {Hovest, W.} and {Huang, Z.} and {Huffenberger, K. M.} and {Hurier, G.} and {Jaffe, A. H.} and {Jaffe, T. R.} and {Jones, W. C.} and {Juvela, M.} and {Keih�nen, E.} and {Keskitalo, R.} and {Kisner, T. S.} and {Kneissl, R.} and {Knoche, J.} and {Knox, L.} and {Kunz, M.} and {Kurki-Suonio, H.} and {Lagache, G.} and {L�hteenm�ki, A.} and {Lamarre, J.-M.} and {Lasenby, A.} and {Lattanzi, M.} and {Lawrence, C. R.} and {Leahy, J. P.} and {Leonardi, R.} and {Lesgourgues, J.} and {Levrier, F.} and {Lewis, A.} and {Liguori, M.} and {Lilje, P. B.} and {Linden-V?rnle, M.} and {L�pez-Caniego, M.} and {Lubin, P. M.} and {Mac�as-P�rez, J. F.} and {Maggio, G.} and {Maino, D.} and {Mandolesi, N.} and {Mangilli, A.} and {Marchini, A.} and {Maris, M.} and {Martin, P. G.} and {Martinelli, M.} and {Mart�nez-Gonz�lez, E.} and {Masi, S.} and {Matarrese, S.} and {McGehee, P.} and {Meinhold, P. R.} and {Melchiorri, A.} and {Melin, J.-B.} and {Mendes, L.} and {Mennella, A.} and {Migliaccio, M.} and {Millea, M.} and {Mitra, S.} and {Miville-Desch?nes, M.-A.} and {Moneti, A.} and {Montier, L.} and {Morgante, G.} and {Mortlock, D.} and {Moss, A.} and {Munshi, D.} and {Murphy, J. A.} and {Naselsky, P.} and {Nati, F.} and {Natoli, P.} and {Netterfield, C. B.} and {N?rgaard-Nielsen, H. U.} and {Noviello, F.} and {Novikov, D.} and {Novikov, I.} and {Oxborrow, C. A.} and {Paci, F.} and {Pagano, L.} and {Pajot, F.} and {Paladini, R.} and {Paoletti, D.} and {Partridge, B.} and {Pasian, F.} and {Patanchon, G.} and {Pearson, T. J.} and {Perdereau, O.} and {Perotto, L.} and {Perrotta, F.} and {Pettorino, V.} and {Piacentini, F.} and {Piat, M.} and {Pierpaoli, E.} and {Pietrobon, D.} and {Plaszczynski, S.} and {Pointecouteau, E.} and {Polenta, G.} and {Popa, L.} and {Pratt, G. W.} and {Pr�zeau, G.} and {Prunet, S.} and {Puget, J.-L.} and {Rachen, J. P.} and {Reach, W. T.} and {Rebolo, R.} and {Reinecke, M.} and {Remazeilles, M.} and {Renault, C.} and {Renzi, A.} and {Ristorcelli, I.} and {Rocha, G.} and {Rosset, C.} and {Rossetti, M.} and {Roudier, G.} and {Rouill� d�Orfeuil, B.} and {Rowan-Robinson, M.} and {Rubi?o-Mart�n, J. A.} and {Rusholme, B.} and {Said, N.} and {Salvatelli, V.} and {Salvati, L.} and {Sandri, M.} and {Santos, D.} and {Savelainen, M.} and {Savini, G.} and {Scott, D.} and {Seiffert, M. D.} and {Serra, P.} and {Shellard, E. P. S.} and {Spencer, L. D.} and {Spinelli, M.} and {Stolyarov, V.} and {Stompor, R.} and {Sudiwala, R.} and {Sunyaev, R.} and {Sutton, D.} and {Suur-Uski, A.-S.} and {Sygnet, J.-F.} and {Tauber, J. A.} and {Terenzi, L.} and {Toffolatti, L.} and {Tomasi, M.} and {Tristram, M.} and {Trombetti, T.} and {Tucci, M.} and {Tuovinen, J.} and {T�rler, M.} and {Umana, G.} and {Valenziano, L.} and {Valiviita, J.} and {Van Tent, F.} and {Vielva, P.} and {Villa, F.} and {Wade, L. A.} and {Wandelt, B. D.} and {Wehus, I. K.} and {White, M.} and {White, S. D. M.} and {Wilkinson, A.} and {Yvon, D.} and {Zacchei, A.} and {Zonca, A.}},
	title = {The Scientific Programme of Planck (Bluebook)},
	url= "https://www.cosmos.esa.int/documents/387566/387653/Bluebook-ESA-SCI%282005%291_V2.pdf/d364e30e-f85f-4191-a989-fa6b7527ba55",
	year = 2005,
	publisher = {ESA},
}

@article{BOSS,
       author = {{Dawson}, Kyle S. and {Schlegel}, David J. and {Ahn}, Christopher P. and
         {Anderson}, Scott F. and {Aubourg}, {\'E}ric and {Bailey}, Stephen and
         {Barkhouser}, Robert H. and {Bautista}, Julian E. and {Beifiori}, Alessand
        ra and {Berlind}, Andreas A. and {Bhardwaj}, Vaishali and
         {Bizyaev}, Dmitry and {Blake}, Cullen H. and {Blanton}, Michael R. and
         {Blomqvist}, Michael and {Bolton}, Adam S. and {Borde}, Arnaud and
         {Bovy}, Jo and {Brandt}, W.~N. and {Brewington}, Howard and
         {Brinkmann}, Jon and {Brown}, Peter J. and {Brownstein}, Joel R. and
         {Bundy}, Kevin and {Busca}, N.~G. and {Carithers}, William and
         {Carnero}, Aurelio R. and {Carr}, Michael A. and {Chen}, Yanmei and
         {Comparat}, Johan and {Connolly}, Natalia and {Cope}, Frances and
         {Croft}, Rupert A.~C. and {Cuesta}, Antonio J. and {da Costa}, Luiz N. and
         {Davenport}, James R.~A. and {Delubac}, Timoth{\'e}e and
         {de Putter}, Roland and {Dhital}, Saurav and {Ealet}, Anne and
         {Ebelke}, Garrett L. and {Eisenstein}, Daniel J. and {Escoffier}, S. and
         {Fan}, Xiaohui and {Filiz Ak}, N. and {Finley}, Hayley and
         {Font-Ribera}, Andreu and {G{\'e}nova-Santos}, R. and {Gunn}, James E. and
         {Guo}, Hong and {Haggard}, Daryl and {Hall}, Patrick B. and
         {Hamilton}, Jean-Christophe and {Harris}, Ben and {Harris}, David W. and
         {Ho}, Shirley and {Hogg}, David W. and {Holder}, Diana and
         {Honscheid}, Klaus and {Huehnerhoff}, Joe and {Jordan}, Beatrice and
         {Jordan}, Wendell P. and {Kauffmann}, Guinevere and {Kazin}, Eyal A. and
         {Kirkby}, David and {Klaene}, Mark A. and {Kneib}, Jean-Paul and
         {Le Goff}, Jean-Marc and {Lee}, Khee-Gan and {Long}, Daniel C. and
         {Loomis}, Craig P. and {Lundgren}, Britt and {Lupton}, Robert H. and
         {Maia}, Marcio A.~G. and {Makler}, Martin and {Malanushenko}, Elena and
         {Malanushenko}, Viktor and {Mandelbaum}, Rachel and {Manera}, Marc and
         {Maraston}, Claudia and {Margala}, Daniel and {Masters}, Karen L. and
         {McBride}, Cameron K. and {McDonald}, Patrick and {McGreer}, Ian D. and
         {McMahon}, Richard G. and {Mena}, Olga and {Miralda-Escud{\'e}}, Jordi and
         {Montero-Dorta}, Antonio D. and {Montesano}, Francesco and
         {Muna}, Demitri and {Myers}, Adam D. and {Naugle}, Tracy and
         {Nichol}, Robert C. and {Noterdaeme}, Pasquier and
         {Nuza}, Sebasti{\'a}n E. and {Olmstead}, Matthew D. and
         {Oravetz}, Audrey and {Oravetz}, Daniel J. and {Owen}, Russell and
         {Padmanabhan}, Nikhil and {Palanque-Delabrouille}, Nathalie and
         {Pan}, Kaike and {Parejko}, John K. and {P{\^a}ris}, Isabelle and
         {Percival}, Will J. and {P{\'e}rez-Fournon}, Ismael and
         {P{\'e}rez-R{\`a}fols}, Ignasi and {Petitjean}, Patrick and
         {Pfaffenberger}, Robert and {Pforr}, Janine and {Pieri}, Matthew M. and
         {Prada}, Francisco and {Price-Whelan}, Adrian M. and
         {Raddick}, M. Jordan and {Rebolo}, Rafael and {Rich}, James and
         {Richards}, Gordon T. and {Rockosi}, Constance M. and
         {Roe}, Natalie A. and {Ross}, Ashley J. and {Ross}, Nicholas P. and
         {Rossi}, Graziano and {Rubi{\~n}o-Martin}, J.~A. and {Samushia}, Lado and
         {S{\'a}nchez}, Ariel G. and {Sayres}, Conor and {Schmidt}, Sarah J. and
         {Schneider}, Donald P. and {Sc{\'o}ccola}, C.~G. and {Seo}, Hee-Jong and
         {Shelden}, Alaina and {Sheldon}, Erin and {Shen}, Yue and
         {Shu}, Yiping and {Slosar}, An{\v{z}}e and {Smee}, Stephen A. and
         {Snedden}, Stephanie A. and {Stauffer}, Fritz and {Steele}, Oliver and
         {Strauss}, Michael A. and {Streblyanska}, Alina and {Suzuki}, Nao and
         {Swanson}, Molly E.~C. and {Tal}, Tomer and {Tanaka}, Masayuki and
         {Thomas}, Daniel and {Tinker}, Jeremy L. and {Tojeiro}, Rita and
         {Tremonti}, Christy A. and {Vargas Maga{\~n}a}, M. and {Verde}, Licia and
         {Viel}, Matteo and {Wake}, David A. and {Watson}, Mike and
         {Weaver}, Benjamin A. and {Weinberg}, David H. and
         {Weiner}, Benjamin J. and {West}, Andrew A. and {White}, Martin and
         {Wood-Vasey}, W.~M. and {Yeche}, Christophe and {Zehavi}, Idit and
         {Zhao}, Gong-Bo and {Zheng}, Zheng},
        title = "{The Baryon Oscillation Spectroscopic Survey of SDSS-III}",
      journal = {\aj},
     keywords = {cosmology: observations, surveys, Astrophysics - Cosmology and Nongalactic Astrophysics},
         year = 2013,
	month = 1,
       volume = {145},
       number = {1},
          eid = {10},
        pages = {10},
          doi = {10.1088/0004-6256/145/1/10},
archivePrefix = {arXiv},
       eprint = {1208.0022},
 primaryClass = {astro-ph.CO},
       adsurl = {https://ui.adsabs.harvard.edu/abs/2013AJ....145...10D},
      adsnote = {Provided by the SAO/NASA Astrophysics Data System}
}

@ARTICLE{DES,
       author = {{The Dark Energy Survey Collaboration}},
        title = "{The Dark Energy Survey}",
      journal = {arXiv e-prints},
     keywords = {Astrophysics},
         year = "2005",
	month = 10,
archivePrefix = {arXiv},
       eprint = {astro-ph/0510346},
 primaryClass = {astro-ph},
       adsurl = {https://ui.adsabs.harvard.edu/abs/2005astro.ph.10346T},
      adsnote = {Provided by the SAO/NASA Astrophysics Data System}
}

@ARTICLE{DES_mass,
       author = {{Chang}, C. and {Vikram}, V. and {Jain}, B. and {Bacon}, D. and
         {Amara}, A. and {Becker}, M.~R. and {Bernstein}, G. and {Bonnett}, C. and
         {Bridle}, S. and {Brout}, D. and {Busha}, M. and {Frieman}, J. and
         {Gaztanaga}, E. and {Hartley}, W. and {Jarvis}, M. and {Kacprzak}, T. and
         {Kov{\'a}cs}, A. and {Lahav}, O. and {Lin}, H. and {Melchior}, P. and
         {Peiris}, H. and {Rozo}, E. and {Rykoff}, E. and {S{\'a}nchez}, C. and
         {Sheldon}, E. and {Troxel}, M.~A. and {Wechsler}, R. and {Zuntz}, J. and
         {Abbott}, T. and {Abdalla}, F.~B. and {Allam}, S. and {Annis}, J. and
         {Bauer}, A.~H. and {Benoit-L{\'e}vy}, A. and {Brooks}, D. and
         {Buckley-Geer}, E. and {Burke}, D.~L. and {Capozzi}, D. and
         {Carnero Rosell}, A. and {Carrasco Kind}, M. and {Castander}, F.~J. and
         {Crocce}, M. and {D'Andrea}, C.~B. and {Desai}, S. and {Diehl}, H.~T. and
         {Dietrich}, J.~P. and {Doel}, P. and {Eifler}, T.~F. and
         {Evrard}, A.~E. and {Fausti Neto}, A. and {Flaugher}, B. and
         {Fosalba}, P. and {Gruen}, D. and {Gruendl}, R.~A. and {Gutierrez}, G. and
         {Honscheid}, K. and {James}, D. and {Kent}, S. and {Kuehn}, K. and
         {Kuropatkin}, N. and {Maia}, M.~A.~G. and {March}, M. and
         {Martini}, P. and {Merritt}, K.~W. and {Miller}, C.~J. and
         {Miquel}, R. and {Neilsen}, E. and {Nichol}, R.~C. and {Ogando}, R. and
         {Plazas}, A.~A. and {Romer}, A.~K. and {Roodman}, A. and {Sako}, M. and
         {Sanchez}, E. and {Sevilla}, I. and {Smith}, R.~C. and
         {Soares-Santos}, M. and {Sobreira}, F. and {Suchyta}, E. and
         {Tarle}, G. and {Thaler}, J. and {Thomas}, D. and {Tucker}, D. and
         {Walker}, A.~R.},
        title = "{Wide-Field Lensing Mass Maps from Dark Energy Survey Science Verification Data}",
      journal = {\prl},
     keywords = {98.62.Sb, 95.80.+p, 95.85.Kr, 98.65.-r, Gravitational lenses and luminous arcs, Astronomical catalogs atlases sky surveys databases retrieval systems archives etc., Visible, Galaxy groups clusters and superclusters, large scale structure of the Universe, Astrophysics - Cosmology and Nongalactic Astrophysics},
         year = "2015",
	month = 6,
       volume = {115},
       number = {5},
          eid = {051301},
        pages = {051301},
          doi = {10.1103/PhysRevLett.115.051301},
archivePrefix = {arXiv},
       eprint = {1505.01871},
 primaryClass = {astro-ph.CO},
       adsurl = {https://ui.adsabs.harvard.edu/abs/2015PhRvL.115e1301C},
      adsnote = {Provided by the SAO/NASA Astrophysics Data System}
}

@ARTICLE{WFIRST_report,
       author = {{Spergel}, D. and {Gehrels}, N. and {Baltay}, C. and {Bennett}, D. and
         {Breckinridge}, J. and {Donahue}, M. and {Dressler}, A. and
         {Gaudi}, B.~S. and {Greene}, T. and {Guyon}, O. and {Hirata}, C. and
         {Kalirai}, J. and {Kasdin}, N.~J. and {Macintosh}, B. and {Moos}, W. and
         {Perlmutter}, S. and {Postman}, M. and {Rauscher}, B. and {Rhodes}, J. and
         {Wang}, Y. and {Weinberg}, D. and {Benford}, D. and {Hudson}, M. and
         {Jeong}, W. -S. and {Mellier}, Y. and {Traub}, W. and {Yamada}, T. and
         {Capak}, P. and {Colbert}, J. and {Masters}, D. and {Penny}, M. and
         {Savransky}, D. and {Stern}, D. and {Zimmerman}, N. and {Barry}, R. and
         {Bartusek}, L. and {Carpenter}, K. and {Cheng}, E. and {Content}, D. and
         {Dekens}, F. and {Demers}, R. and {Grady}, K. and {Jackson}, C. and
         {Kuan}, G. and {Kruk}, J. and {Melton}, M. and {Nemati}, B. and
         {Parvin}, B. and {Poberezhskiy}, I. and {Peddie}, C. and {Ruffa}, J. and
         {Wallace}, J.~K. and {Whipple}, A. and {Wollack}, E. and {Zhao}, F.},
        title = "{Wide-Field InfrarRed Survey Telescope-Astrophysics Focused Telescope Assets WFIRST-AFTA 2015 Report}",
      journal = {arXiv e-prints},
     keywords = {Astrophysics - Instrumentation and Methods for Astrophysics},
         year = "2015",
	month = 3,
archivePrefix = {arXiv},
       eprint = {1503.03757},
 primaryClass = {astro-ph.IM},
       adsurl = {https://ui.adsabs.harvard.edu/abs/2015arXiv150303757S},
      adsnote = {Provided by the SAO/NASA Astrophysics Data System}
}


@ARTICLE{2017AJ....154...28B,
       author = {{Blanton}, Michael R. and {Bershady}, Matthew A. and {Abolfathi}, Bela and
         {Albareti}, Franco D. and {Allende Prieto}, Carlos and
         {Almeida}, Andres and {Alonso-Garc{\'\i}a}, Javier and
         {Anders}, Friedrich and {Anderson}, Scott F. and {Andrews}, Brett and
         {Aquino-Ort{\'\i}z}, Erik and {Arag{\'o}n-Salamanca}, Alfonso and
         {Argudo-Fern{\'a}ndez}, Maria and {Armengaud}, Eric and
         {Aubourg}, Eric and {Avila-Reese}, Vladimir and {Badenes}, Carles and
         {Bailey}, Stephen and {Barger}, Kathleen A. and
         {Barrera-Ballesteros}, Jorge and {Bartosz}, Curtis and
         {Bates}, Dominic and {Baumgarten}, Falk and {Bautista}, Julian and
         {Beaton}, Rachael and {Beers}, Timothy C. and {Belfiore}, Francesco and
         {Bender}, Chad F. and {Berlind}, Andreas A. and {Bernardi}, Mariangela and
         {Beutler}, Florian and {Bird}, Jonathan C. and {Bizyaev}, Dmitry and
         {Blanc}, Guillermo A. and {Blomqvist}, Michael and {Bolton}, Adam S. and
         {Boquien}, M{\'e}d{\'e}ric and {Borissova}, Jura and
         {van den Bosch}, Remco and {Bovy}, Jo and {Brandt}, William N. and
         {Brinkmann}, Jonathan and {Brownstein}, Joel R. and {Bundy}, Kevin and
         {Burgasser}, Adam J. and {Burtin}, Etienne and {Busca}, Nicol{\'a}s G. and
         {Cappellari}, Michele and {Delgado Carigi}, Maria Leticia and
         {Carlberg}, Joleen K. and {Carnero Rosell}, Aurelio and
         {Carrera}, Ricardo and {Chanover}, Nancy J. and {Cherinka}, Brian and
         {Cheung}, Edmond and {G{\'o}mez Maqueo Chew}, Yilen and
         {Chiappini}, Cristina and {Choi}, Peter Doohyun and {Chojnowski}, Drew and
         {Chuang}, Chia-Hsun and {Chung}, Haeun and {Cirolini}, Rafael Fernando and
         {Clerc}, Nicolas and {Cohen}, Roger E. and {Comparat}, Johan and
         {da Costa}, Luiz and {Cousinou}, Marie-Claude and {Covey}, Kevin and
         {Crane}, Jeffrey D. and {Croft}, Rupert A.~C. and
         {Cruz-Gonzalez}, Irene and {Garrido Cuadra}, Daniel and {Cunha}, Katia and
         {Damke}, Guillermo J. and {Darling}, Jeremy and {Davies}, Roger and
         {Dawson}, Kyle and {de la Macorra}, Axel and {Dell'Agli}, Flavia and
         {De Lee}, Nathan and {Delubac}, Timoth{\'e}e and {Di Mille}, Francesco and
         {Diamond-Stanic}, Aleks and {Cano-D{\'\i}az}, Mariana and
         {Donor}, John and {Downes}, Juan Jos{\'e} and {Drory}, Niv and
         {du Mas des Bourboux}, H{\'e}lion and {Duckworth}, Christopher J. and
         {Dwelly}, Tom and {Dyer}, Jamie and {Ebelke}, Garrett and
         {Eigenbrot}, Arthur D. and {Eisenstein}, Daniel J. and
         {Emsellem}, Eric and {Eracleous}, Mike and {Escoffier}, Stephanie and
         {Evans}, Michael L. and {Fan}, Xiaohui and {Fern{\'a}ndez-Alvar}, Emma and
         {Fernandez-Trincado}, J.~G. and {Feuillet}, Diane K. and
         {Finoguenov}, Alexis and {Fleming}, Scott W. and {Font-Ribera}, Andreu and
         {Fredrickson}, Alexander and {Freischlad}, Gordon and
         {Frinchaboy}, Peter M. and {Fuentes}, Carla E. and
         {Galbany}, Llu{\'\i}s and {Garcia-Dias}, R. and
         {Garc{\'\i}a-Hern{\'a}ndez}, D.~A. and {Gaulme}, Patrick and
         {Geisler}, Doug and {Gelfand}, Joseph D. and
         {Gil-Mar{\'\i}n}, H{\'e}ctor and {Gillespie}, Bruce A. and
         {Goddard}, Daniel and {Gonzalez-Perez}, Violeta and
         {Grabowski}, Kathleen and {Green}, Paul J. and {Grier}, Catherine J. and
         {Gunn}, James E. and {Guo}, Hong and {Guy}, Julien and {Hagen}, Alex and
         {Hahn}, ChangHoon and {Hall}, Matthew and {Harding}, Paul and
         {Hasselquist}, Sten and {Hawley}, Suzanne L. and {Hearty}, Fred and
         {Gonzalez Hern{\'a}ndez}, Jonay I. and {Ho}, Shirley and
         {Hogg}, David W. and {Holley-Bockelmann}, Kelly and {Holtzman}, Jon A. and
         {Holzer}, Parker H. and {Huehnerhoff}, Joseph and
         {Hutchinson}, Timothy A. and {Hwang}, Ho Seong and
         {Ibarra-Medel}, H{\'e}ctor J. and {da Silva Ilha}, Gabriele and
         {Ivans}, Inese I. and {Ivory}, KeShawn and {Jackson}, Kelly and
         {Jensen}, Trey W. and {Johnson}, Jennifer A. and {Jones}, Amy and
         {J{\"o}nsson}, Henrik and {Jullo}, Eric and {Kamble}, Vikrant and
         {Kinemuchi}, Karen and {Kirkby}, David and {Kitaura}, Francisco-Shu and
         {Klaene}, Mark and {Knapp}, Gillian R. and {Kneib}, Jean-Paul and
         {Kollmeier}, Juna A. and {Lacerna}, Ivan and {Lane}, Richard R. and
         {Lang}, Dustin and {Law}, David R. and {Lazarz}, Daniel and
         {Lee}, Youngbae and {Le Goff}, Jean-Marc and {Liang}, Fu-Heng and
         {Li}, Cheng and {Li}, Hongyu and {Lian}, Jianhui and {Lima}, Marcos and
         {Lin}, Lihwai and {Lin}, Yen-Ting and {Bertran de Lis}, Sara and
         {Liu}, Chao and {de Icaza Lizaola}, Miguel Angel C. and {Long}, Dan and
         {Lucatello}, Sara and {Lundgren}, Britt and {MacDonald}, Nicholas K. and
         {Deconto Machado}, Alice and {MacLeod}, Chelsea L. and
         {Mahadevan}, Suvrath and {Geimba Maia}, Marcio Antonio and
         {Maiolino}, Roberto and {Majewski}, Steven R. and
         {Malanushenko}, Elena and {Malanushenko}, Viktor and
         {Manchado}, Arturo and {Mao}, Shude and {Maraston}, Claudia and
         {Marques-Chaves}, Rui and {Masseron}, Thomas and {Masters}, Karen L. and
         {McBride}, Cameron K. and {McDermid}, Richard M. and
         {McGrath}, Brianne and {McGreer}, Ian D. and
         {Medina Pe{\~n}a}, Nicol{\'a}s and {Melendez}, Matthew and
         {Merloni}, Andrea and {Merrifield}, Michael R. and
         {Meszaros}, Szabolcs and {Meza}, Andres and {Minchev}, Ivan and
         {Minniti}, Dante and {Miyaji}, Takamitsu and {More}, Surhud and
         {Mulchaey}, John and {M{\"u}ller-S{\'a}nchez}, Francisco and
         {Muna}, Demitri and {Munoz}, Ricardo R. and {Myers}, Adam D. and
         {Nair}, Preethi and {Nandra}, Kirpal and
         {Correa do Nascimento}, Janaina and {Negrete}, Alenka and
         {Ness}, Melissa and {Newman}, Jeffrey A. and {Nichol}, Robert C. and
         {Nidever}, David L. and {Nitschelm}, Christian and {Ntelis}, Pierros and
         {O'Connell}, Julia E. and {Oelkers}, Ryan J. and {Oravetz}, Audrey and
         {Oravetz}, Daniel and {Pace}, Zach and {Padilla}, Nelson and
         {Palanque-Delabrouille}, Nathalie and {Alonso Palicio}, Pedro and
         {Pan}, Kaike and {Parejko}, John K. and {Parikh}, Taniya and
         {P{\^a}ris}, Isabelle and {Park}, Changbom and {Patten}, Alim Y. and
         {Peirani}, Sebastien and {Pellejero-Ibanez}, Marcos and
         {Penny}, Samantha and {Percival}, Will J. and {Perez-Fournon}, Ismael and
         {Petitjean}, Patrick and {Pieri}, Matthew M. and {Pinsonneault}, Marc and
         {Pisani}, Alice and {Poleski}, Rados{\l}aw and {Prada}, Francisco and
         {Prakash}, Abhishek and {Queiroz}, Anna B{\'a}rbara de Andrade and
         {Raddick}, M. Jordan and {Raichoor}, Anand and {Barboza Rembold}, Sand
        ro and {Richstein}, Hannah and {Riffel}, Rogemar A. and
         {Riffel}, Rog{\'e}rio and {Rix}, Hans-Walter and {Robin}, Annie C. and
         {Rockosi}, Constance M. and {Rodr{\'\i}guez-Torres}, Sergio and
         {Roman-Lopes}, A. and {Rom{\'a}n-Z{\'u}{\~n}iga}, Carlos and
         {Rosado}, Margarita and {Ross}, Ashley J. and {Rossi}, Graziano and
         {Ruan}, John and {Ruggeri}, Rossana and {Rykoff}, Eli S. and
         {Salazar-Albornoz}, Salvador and {Salvato}, Mara and
         {S{\'a}nchez}, Ariel G. and {Aguado}, D.~S. and
         {S{\'a}nchez-Gallego}, Jos{\'e} R. and {Santana}, Felipe A. and
         {Santiago}, Bas{\'\i}lio Xavier and {Sayres}, Conor and
         {Schiavon}, Ricardo P. and {da Silva Schimoia}, Jaderson and
         {Schlafly}, Edward F. and {Schlegel}, David J. and
         {Schneider}, Donald P. and {Schultheis}, Mathias and
         {Schuster}, William J. and {Schwope}, Axel and {Seo}, Hee-Jong and
         {Shao}, Zhengyi and {Shen}, Shiyin and {Shetrone}, Matthew and
         {Shull}, Michael and {Simon}, Joshua D. and {Skinner}, Danielle and
         {Skrutskie}, M.~F. and {Slosar}, An{\v{z}}e and {Smith}, Verne V. and
         {Sobeck}, Jennifer S. and {Sobreira}, Flavia and {Somers}, Garrett and
         {Souto}, Diogo and {Stark}, David V. and {Stassun}, Keivan and
         {Stauffer}, Fritz and {Steinmetz}, Matthias and
         {Storchi-Bergmann}, Thaisa and {Streblyanska}, Alina and
         {Stringfellow}, Guy S. and {Su{\'a}rez}, Genaro and {Sun}, Jing and
         {Suzuki}, Nao and {Szigeti}, Laszlo and {Taghizadeh-Popp}, Manuchehr and
         {Tang}, Baitian and {Tao}, Charling and {Tayar}, Jamie and
         {Tembe}, Mita and {Teske}, Johanna and {Thakar}, Aniruddha R. and
         {Thomas}, Daniel and {Thompson}, Benjamin A. and {Tinker}, Jeremy L. and
         {Tissera}, Patricia and {Tojeiro}, Rita and {Hernandez Toledo}, Hector and
         {de la Torre}, Sylvain and {Tremonti}, Christy and
         {Troup}, Nicholas W. and {Valenzuela}, Octavio and
         {Martinez Valpuesta}, Inma and {Vargas-Gonz{\'a}lez}, Jaime and
         {Vargas-Maga{\~n}a}, Mariana and {Vazquez}, Jose Alberto and
         {Villanova}, Sandro and {Vivek}, M. and {Vogt}, Nicole and
         {Wake}, David and {Walterbos}, Rene and {Wang}, Yuting and
         {Weaver}, Benjamin Alan and {Weijmans}, Anne-Marie and
         {Weinberg}, David H. and {Westfall}, Kyle B. and {Whelan}, David G. and
         {Wild}, Vivienne and {Wilson}, John and {Wood-Vasey}, W.~M. and
         {Wylezalek}, Dominika and {Xiao}, Ting and {Yan}, Renbin and
         {Yang}, Meng and {Ybarra}, Jason E. and {Y{\`e}che}, Christophe and
         {Zakamska}, Nadia and {Zamora}, Olga and {Zarrouk}, Pauline and
         {Zasowski}, Gail and {Zhang}, Kai and {Zhao}, Gong-Bo and
         {Zheng}, Zheng and {Zheng}, Zheng and {Zhou}, Xu and {Zhou}, Zhi-Min and
         {Zhu}, Guangtun B. and {Zoccali}, Manuela and {Zou}, Hu},
        title = "{Sloan Digital Sky Survey IV: Mapping the Milky Way, Nearby Galaxies, and the Distant Universe}",
      journal = {\aj},
     keywords = {cosmology: observations, galaxies: general, Galaxy: general, instrumentation: spectrographs, stars: general, surveys, Astrophysics - Astrophysics of Galaxies},
         year = "2017",
	month = 6,
       volume = {154},
       number = {1},
          eid = {28},
        pages = {28},
          doi = {10.3847/1538-3881/aa7567},
archivePrefix = {arXiv},
       eprint = {1703.00052},
 primaryClass = {astro-ph.GA},
       adsurl = {https://ui.adsabs.harvard.edu/abs/2017AJ....154...28B},
      adsnote = {Provided by the SAO/NASA Astrophysics Data System}
}

@ARTICLE{lsst,
       author = {{Ivezi{\'c}}, {\v{Z}}eljko and {Kahn}, Steven M. and
         {Tyson}, J. Anthony and {Abel}, Bob and {Acosta}, Emily and
         {Allsman}, Robyn and {Alonso}, David and {AlSayyad}, Yusra and
         {Anderson}, Scott F. and {Andrew}, John and {Angel}, James Roger P. and
         {Angeli}, George Z. and {Ansari}, Reza and {Antilogus}, Pierre and
         {Araujo}, Constanza and {Armstrong}, Robert and {Arndt}, Kirk T. and
         {Astier}, Pierre and {Aubourg}, {\'E}ric and {Auza}, Nicole and
         {Axelrod}, Tim S. and {Bard}, Deborah J. and {Barr}, Jeff D. and
         {Barrau}, Aurelian and {Bartlett}, James G. and {Bauer}, Amanda E. and
         {Bauman}, Brian J. and {Baumont}, Sylvain and {Bechtol}, Ellen and
         {Bechtol}, Keith and {Becker}, Andrew C. and {Becla}, Jacek and
         {Beldica}, Cristina and {Bellavia}, Steve and {Bianco}, Federica B. and
         {Biswas}, Rahul and {Blanc}, Guillaume and {Blazek}, Jonathan and {Bland
        ford}, Roger D. and {Bloom}, Josh S. and {Bogart}, Joanne and
         {Bond}, Tim W. and {Booth}, Michael T. and {Borgland}, Anders W. and
         {Borne}, Kirk and {Bosch}, James F. and {Boutigny}, Dominique and
         {Brackett}, Craig A. and {Bradshaw}, Andrew and {Brand
        t}, William Nielsen and {Brown}, Michael E. and {Bullock}, James S. and
         {Burchat}, Patricia and {Burke}, David L. and {Cagnoli}, Gianpietro and
         {Calabrese}, Daniel and {Callahan}, Shawn and {Callen}, Alice L. and
         {Carlin}, Jeffrey L. and {Carlson}, Erin L. and {Chand
        rasekharan}, Srinivasan and {Charles-Emerson}, Glenaver and
         {Chesley}, Steve and {Cheu}, Elliott C. and {Chiang}, Hsin-Fang and
         {Chiang}, James and {Chirino}, Carol and {Chow}, Derek and
         {Ciardi}, David R. and {Claver}, Charles F. and {Cohen-Tanugi}, Johann and
         {Cockrum}, Joseph J. and {Coles}, Rebecca and {Connolly}, Andrew J. and
         {Cook}, Kem H. and {Cooray}, Asantha and {Covey}, Kevin R. and
         {Cribbs}, Chris and {Cui}, Wei and {Cutri}, Roc and {Daly}, Philip N. and
         {Daniel}, Scott F. and {Daruich}, Felipe and {Daubard}, Guillaume and
         {Daues}, Greg and {Dawson}, William and {Delgado}, Francisco and
         {Dellapenna}, Alfred and {de Peyster}, Robert and
         {de Val-Borro}, Miguel and {Digel}, Seth W. and {Doherty}, Peter and
         {Dubois}, Richard and {Dubois-Felsmann}, Gregory P. and
         {Durech}, Josef and {Economou}, Frossie and {Eifler}, Tim and
         {Eracleous}, Michael and {Emmons}, Benjamin L. and
         {Fausti Neto}, Angelo and {Ferguson}, Henry and {Figueroa}, Enrique and
         {Fisher-Levine}, Merlin and {Focke}, Warren and {Foss}, Michael D. and
         {Frank}, James and {Freemon}, Michael D. and {Gangler}, Emmanuel and
         {Gawiser}, Eric and {Geary}, John C. and {Gee}, Perry and
         {Geha}, Marla and {Gessner}, Charles J.~B. and {Gibson}, Robert R. and
         {Gilmore}, D. Kirk and {Glanzman}, Thomas and {Glick}, William and
         {Goldina}, Tatiana and {Goldstein}, Daniel A. and {Goodenow}, Iain and
         {Graham}, Melissa L. and {Gressler}, William J. and {Gris}, Philippe and
         {Guy}, Leanne P. and {Guyonnet}, Augustin and {Haller}, Gunther and
         {Harris}, Ron and {Hascall}, Patrick A. and {Haupt}, Justine and {Hernand
        ez}, Fabio and {Herrmann}, Sven and {Hileman}, Edward and
         {Hoblitt}, Joshua and {Hodgson}, John A. and {Hogan}, Craig and
         {Howard}, James D. and {Huang}, Dajun and {Huffer}, Michael E. and
         {Ingraham}, Patrick and {Innes}, Walter R. and {Jacoby}, Suzanne H. and
         {Jain}, Bhuvnesh and {Jammes}, Fabrice and {Jee}, M. James and
         {Jenness}, Tim and {Jernigan}, Garrett and {Jevremovi{\'c}}, Darko and
         {Johns}, Kenneth and {Johnson}, Anthony S. and
         {Johnson}, Margaret W.~G. and {Jones}, R. Lynne and
         {Juramy-Gilles}, Claire and {Juri{\'c}}, Mario and {Kalirai}, Jason S. and
         {Kallivayalil}, Nitya J. and {Kalmbach}, Bryce and
         {Kantor}, Jeffrey P. and {Karst}, Pierre and {Kasliwal}, Mansi M. and
         {Kelly}, Heather and {Kessler}, Richard and {Kinnison}, Veronica and
         {Kirkby}, David and {Knox}, Lloyd and {Kotov}, Ivan V. and
         {Krabbendam}, Victor L. and {Krughoff}, K. Simon and
         {Kub{\'a}nek}, Petr and {Kuczewski}, John and {Kulkarni}, Shri and
         {Ku}, John and {Kurita}, Nadine R. and {Lage}, Craig S. and
         {Lambert}, Ron and {Lange}, Travis and {Langton}, J. Brian and
         {Le Guillou}, Laurent and {Levine}, Deborah and {Liang}, Ming and
         {Lim}, Kian-Tat and {Lintott}, Chris J. and {Long}, Kevin E. and
         {Lopez}, Margaux and {Lotz}, Paul J. and {Lupton}, Robert H. and
         {Lust}, Nate B. and {MacArthur}, Lauren A. and {Mahabal}, Ashish and {Mand
        elbaum}, Rachel and {Markiewicz}, Thomas W. and {Marsh}, Darren S. and
         {Marshall}, Philip J. and {Marshall}, Stuart and {May}, Morgan and
         {McKercher}, Robert and {McQueen}, Michelle and {Meyers}, Joshua and
         {Migliore}, Myriam and {Miller}, Michelle and {Mills}, David J. and
         {Miraval}, Connor and {Moeyens}, Joachim and {Moolekamp}, Fred E. and
         {Monet}, David G. and {Moniez}, Marc and {Monkewitz}, Serge and
         {Montgomery}, Christopher and {Morrison}, Christopher B. and
         {Mueller}, Fritz and {Muller}, Gary P. and
         {Mu{\~n}oz Arancibia}, Freddy and {Neill}, Douglas R. and
         {Newbry}, Scott P. and {Nief}, Jean-Yves and {Nomerotski}, Andrei and
         {Nordby}, Martin and {O'Connor}, Paul and {Oliver}, John and
         {Olivier}, Scot S. and {Olsen}, Knut and {O'Mullane}, William and
         {Ortiz}, Sandra and {Osier}, Shawn and {Owen}, Russell E. and
         {Pain}, Reynald and {Palecek}, Paul E. and {Parejko}, John K. and
         {Parsons}, James B. and {Pease}, Nathan M. and {Peterson}, J. Matt and
         {Peterson}, John R. and {Petravick}, Donald L. and
         {Libby Petrick}, M.~E. and {Petry}, Cathy E. and
         {Pierfederici}, Francesco and {Pietrowicz}, Stephen and {Pike}, Rob and
         {Pinto}, Philip A. and {Plante}, Raymond and {Plate}, Stephen and
         {Plutchak}, Joel P. and {Price}, Paul A. and {Prouza}, Michael and
         {Radeka}, Veljko and {Rajagopal}, Jayadev and {Rasmussen}, Andrew P. and
         {Regnault}, Nicolas and {Reil}, Kevin A. and {Reiss}, David J. and
         {Reuter}, Michael A. and {Ridgway}, Stephen T. and {Riot}, Vincent J. and
         {Ritz}, Steve and {Robinson}, Sean and {Roby}, William and
         {Roodman}, Aaron and {Rosing}, Wayne and {Roucelle}, Cecille and
         {Rumore}, Matthew R. and {Russo}, Stefano and {Saha}, Abhijit and
         {Sassolas}, Benoit and {Schalk}, Terry L. and {Schellart}, Pim and
         {Schindler}, Rafe H. and {Schmidt}, Samuel and {Schneider}, Donald P. and
         {Schneider}, Michael D. and {Schoening}, William and
         {Schumacher}, German and {Schwamb}, Megan E. and {Sebag}, Jacques and
         {Selvy}, Brian and {Sembroski}, Glenn H. and {Seppala}, Lynn G. and
         {Serio}, Andrew and {Serrano}, Eduardo and {Shaw}, Richard A. and
         {Shipsey}, Ian and {Sick}, Jonathan and {Silvestri}, Nicole and
         {Slater}, Colin T. and {Smith}, J. Allyn and {Smith}, R. Chris and
         {Sobhani}, Shahram and {Soldahl}, Christine and
         {Storrie-Lombardi}, Lisa and {Stover}, Edward and
         {Strauss}, Michael A. and {Street}, Rachel A. and
         {Stubbs}, Christopher W. and {Sullivan}, Ian S. and {Sweeney}, Donald and
         {Swinbank}, John D. and {Szalay}, Alexander and {Takacs}, Peter and
         {Tether}, Stephen A. and {Thaler}, Jon J. and {Thayer}, John Gregg and
         {Thomas}, Sandrine and {Thornton}, Adam J. and {Thukral}, Vaikunth and
         {Tice}, Jeffrey and {Trilling}, David E. and {Turri}, Max and
         {Van Berg}, Richard and {Vanden Berk}, Daniel and {Vetter}, Kurt and
         {Virieux}, Francoise and {Vucina}, Tomislav and {Wahl}, William and
         {Walkowicz}, Lucianne and {Walsh}, Brian and {Walter}, Christopher W. and
         {Wang}, Daniel L. and {Wang}, Shin-Yawn and {Warner}, Michael and
         {Wiecha}, Oliver and {Willman}, Beth and {Winters}, Scott E. and
         {Wittman}, David and {Wolff}, Sidney C. and {Wood-Vasey}, W. Michael and
         {Wu}, Xiuqin and {Xin}, Bo and {Yoachim}, Peter and {Zhan}, Hu},
        title = "{LSST: From Science Drivers to Reference Design and Anticipated Data Products}",
      journal = {\apj},
     keywords = {astrometry, cosmology: observations, Galaxy: general, methods: observational, stars: general, surveys, Astrophysics},
         year = "2019",
	month = 3,
       volume = {873},
       number = {2},
          eid = {111},
        pages = {111},
          doi = {10.3847/1538-4357/ab042c},
archivePrefix = {arXiv},
       eprint = {0805.2366},
 primaryClass = {astro-ph},
       adsurl = {https://ui.adsabs.harvard.edu/abs/2019ApJ...873..111I},
      adsnote = {Provided by the SAO/NASA Astrophysics Data System}
}

@INBOOK{euclid,
       author = {{Racca}, Giuseppe D. and {Laureijs}, Ren{\'e} and {Stagnaro}, Luca and
         {Salvignol}, Jean-Christophe and {Lorenzo Alvarez}, Jos{\'e} and
         {Saavedra Criado}, Gonzalo and {Gaspar Venancio}, Luis and
         {Short}, Alex and {Strada}, Paolo and {B{\"o}nke}, Tobias and
         {Colombo}, Cyril and {Calvi}, Adriano and {Maiorano}, Elena and
         {Piersanti}, Osvaldo and {Prezelus}, Sylvain and {Rosato}, Pierluigi and
         {Pinel}, Jacques and {Rozemeijer}, Hans and {Lesna}, Valentina and
         {Musi}, Paolo and {Sias}, Marco and {Anselmi}, Alberto and
         {Cazaubiel}, Vincent and {Vaillon}, Ludovic and {Mellier}, Yannick and
         {Amiaux}, J{\'e}r{\^o}me and {Berth{\'e}}, Michel and {Sauvage}, Marc and
         {Azzollini}, Ruyman and {Cropper}, Mark and {Pottinger}, Sabrina and
         {Jahnke}, Knud and {Ealet}, Anne and {Maciaszek}, Thierry and
         {Pasian}, Fabio and {Zacchei}, Andrea and {Scaramella}, Roberto and
         {Hoar}, John and {Kohley}, Ralf and {Vavrek}, Roland and
         {Rudolph}, Andreas and {Schmidt}, Micha},
        title = "{The Euclid mission design}",
     keywords = {Astrophysics - Instrumentation and Methods for Astrophysics},
    booktitle = {\procspie},
         year = "2016",
       volume = {9904},
       series = {Society of Photo-Optical Instrumentation Engineers (SPIE) Conference Series},
          eid = {99040O},
        pages = {99040O},
          doi = {10.1117/12.2230762},
       adsurl = {https://ui.adsabs.harvard.edu/abs/2016SPIE.9904E..0OR},
      adsnote = {Provided by the SAO/NASA Astrophysics Data System}
}

@ARTICLE{2017arXiv171103234K,
       author = {{Kollmeier}, Juna A. and {Zasowski}, Gail and {Rix}, Hans-Walter and
         {Johns}, Matt and {Anderson}, Scott F. and {Drory}, Niv and
         {Johnson}, Jennifer A. and {Pogge}, Richard W. and {Bird}, Jonathan C. and
         {Blanc}, Guillermo A. and {Brownstein}, Joel R. and
         {Crane}, Jeffrey D. and {De Lee}, Nathan M. and {Klaene}, Mark A. and
         {Kreckel}, Kathryn and {MacDonald}, Nick and {Merloni}, Andrea and
         {Ness}, Melissa K. and {O'Brien}, Thomas and
         {Sanchez-Gallego}, Jose R. and {Sayres}, Conor C. and {Shen}, Yue and
         {Thakar}, Ani R. and {Tkachenko}, Andrew and {Aerts}, Conny and
         {Blanton}, Michael R. and {Eisenstein}, Daniel J. and
         {Holtzman}, Jon A. and {Maoz}, Dan and {Nandra}, Kirpal and
         {Rockosi}, Constance and {Weinberg}, David H. and {Bovy}, Jo and
         {Casey}, Andrew R. and {Chaname}, Julio and {Clerc}, Nicolas and
         {Conroy}, Charlie and {Eracleous}, Michael and
         {G{\"a}nsicke}, Boris T. and {Hekker}, Saskia and {Horne}, Keith and
         {Kauffmann}, Jens and {McQuinn}, Kristen B.~W. and
         {Pellegrini}, Eric W. and {Schinnerer}, Eva and {Schlafly}, Edward F. and
         {Schwope}, Axel D. and {Seibert}, Mark and {Teske}, Johanna K. and
         {van Saders}, Jennifer L.},
        title = "{SDSS-V: Pioneering Panoptic Spectroscopy}",
      journal = {arXiv e-prints},
     keywords = {Astrophysics - Astrophysics of Galaxies},
         year = "2017",
	month = 11,
archivePrefix = {arXiv},
       eprint = {1711.03234},
 primaryClass = {astro-ph.GA},
       adsurl = {https://ui.adsabs.harvard.edu/abs/2017arXiv171103234K},
      adsnote = {Provided by the SAO/NASA Astrophysics Data System}
}

@ARTICLE{2016AJ....151...44D,
       author = {{Dawson}, Kyle S. and {Kneib}, Jean-Paul and {Percival}, Will J. and
         {Alam}, Shadab and {Albareti}, Franco D. and {Anderson}, Scott F. and
         {Armengaud}, Eric and {Aubourg}, {\'E}ric and {Bailey}, Stephen and
         {Bautista}, Julian E. and {Berlind}, Andreas A. and
         {Bershady}, Matthew A. and {Beutler}, Florian and {Bizyaev}, Dmitry and
         {Blanton}, Michael R. and {Blomqvist}, Michael and {Bolton}, Adam S. and
         {Bovy}, Jo and {Brandt}, W.~N. and {Brinkmann}, Jon and
         {Brownstein}, Joel R. and {Burtin}, Etienne and {Busca}, N.~G. and
         {Cai}, Zheng and {Chuang}, Chia-Hsun and {Clerc}, Nicolas and
         {Comparat}, Johan and {Cope}, Frances and {Croft}, Rupert A.~C. and
         {Cruz-Gonzalez}, Irene and {da Costa}, Luiz N. and
         {Cousinou}, Marie-Claude and {Darling}, Jeremy and
         {de la Macorra}, Axel and {de la Torre}, Sylvain and
         {Delubac}, Timoth{\'e}e and {du Mas des Bourboux}, H{\'e}lion and
         {Dwelly}, Tom and {Ealet}, Anne and {Eisenstein}, Daniel J. and
         {Eracleous}, Michael and {Escoffier}, S. and {Fan}, Xiaohui and
         {Finoguenov}, Alexis and {Font-Ribera}, Andreu and {Frinchaboy}, Peter and
         {Gaulme}, Patrick and {Georgakakis}, Antonis and {Green}, Paul and
         {Guo}, Hong and {Guy}, Julien and {Ho}, Shirley and {Holder}, Diana and
         {Huehnerhoff}, Joe and {Hutchinson}, Timothy and {Jing}, Yipeng and
         {Jullo}, Eric and {Kamble}, Vikrant and {Kinemuchi}, Karen and
         {Kirkby}, David and {Kitaura}, Francisco-Shu and {Klaene}, Mark A. and
         {Laher}, Russ R. and {Lang}, Dustin and {Laurent}, Pierre and
         {Le Goff}, Jean-Marc and {Li}, Cheng and {Liang}, Yu and
         {Lima}, Marcos and {Lin}, Qiufan and {Lin}, Weipeng and
         {Lin}, Yen-Ting and {Long}, Daniel C. and {Lundgren}, Britt and
         {MacDonald}, Nicholas and {Geimba Maia}, Marcio Antonio and
         {Malanushenko}, Elena and {Malanushenko}, Viktor and
         {Mariappan}, Vivek and {McBride}, Cameron K. and {McGreer}, Ian D. and
         {M{\'e}nard}, Brice and {Merloni}, Andrea and {Meza}, Andres and
         {Montero-Dorta}, Antonio D. and {Muna}, Demitri and {Myers}, Adam D. and
         {Nandra}, Kirpal and {Naugle}, Tracy and {Newman}, Jeffrey A. and
         {Noterdaeme}, Pasquier and {Nugent}, Peter and {Ogando}, Ricardo and
         {Olmstead}, Matthew D. and {Oravetz}, Audrey and {Oravetz}, Daniel J. and
         {Padmanabhan}, Nikhil and {Palanque-Delabrouille}, Nathalie and
         {Pan}, Kaike and {Parejko}, John K. and {P{\^a}ris}, Isabelle and
         {Peacock}, John A. and {Petitjean}, Patrick and {Pieri}, Matthew M. and
         {Pisani}, Alice and {Prada}, Francisco and {Prakash}, Abhishek and
         {Raichoor}, Anand and {Reid}, Beth and {Rich}, James and
         {Ridl}, Jethro and {Rodriguez-Torres}, Sergio and
         {Carnero Rosell}, Aurelio and {Ross}, Ashley J. and {Rossi}, Graziano and
         {Ruan}, John and {Salvato}, Mara and {Sayres}, Conor and
         {Schneider}, Donald P. and {Schlegel}, David J. and {Seljak}, Uros and
         {Seo}, Hee-Jong and {Sesar}, Branimir and {Shandera}, Sarah and
         {Shu}, Yiping and {Slosar}, An{\v{z}}e and {Sobreira}, Flavia and
         {Streblyanska}, Alina and {Suzuki}, Nao and {Taylor}, Donna and
         {Tao}, Charling and {Tinker}, Jeremy L. and {Tojeiro}, Rita and
         {Vargas-Maga{\~n}a}, Mariana and {Wang}, Yuting and
         {Weaver}, Benjamin A. and {Weinberg}, David H. and {White}, Martin and
         {Wood-Vasey}, W.~M. and {Yeche}, Christophe and {Zhai}, Zhongxu and
         {Zhao}, Cheng and {Zhao}, Gong-bo and {Zheng}, Zheng and
         {Ben Zhu}, Guangtun and {Zou}, Hu},
        title = "{The SDSS-IV Extended Baryon Oscillation Spectroscopic Survey: Overview and Early Data}",
      journal = {\aj},
     keywords = {cosmology: observations, surveys, Astrophysics - Cosmology and Nongalactic Astrophysics},
         year = "2016",
	month = 2,
       volume = {151},
       number = {2},
          eid = {44},
        pages = {44},
          doi = {10.3847/0004-6256/151/2/44},
archivePrefix = {arXiv},
       eprint = {1508.04473},
 primaryClass = {astro-ph.CO},
       adsurl = {https://ui.adsabs.harvard.edu/abs/2016AJ....151...44D},
      adsnote = {Provided by the SAO/NASA Astrophysics Data System}
}

@ARTICLE{2015ApJ...806..244M,
       author = {{Morganson}, Eric and {Green}, Paul J. and {Anderson}, Scott F. and
         {Ruan}, John J. and {Myers}, Adam D. and {Eracleous}, Michael and
         {Kelly}, Brandon and {Badenes}, Carlos and {Ba{\~n}ados}, Eduardo and
         {Blanton}, Michael R. and {Bershady}, Matthew A. and {Borissova}, Jura and
         {Brandt}, William Nielsen and {Burgett}, William S. and
         {Chambers}, Kenneth and {Draper}, Peter W. and
         {Davenport}, James R.~A. and {Flewelling}, Heather and
         {Garnavich}, Peter and {Hawley}, Suzanne L. and {Hodapp}, Klaus W. and
         {Isler}, Jedidah C. and {Kaiser}, Nick and {Kinemuchi}, Karen and
         {Kudritzki}, Rolf P. and {Metcalfe}, Nigel and {Morgan}, Jeffrey S. and
         {P{\^a}ris}, Isabelle and {Parvizi}, Mahmoud and
         {Poleski}, Rados{\l}aw and {Price}, Paul A. and {Salvato}, Mara and
         {Shanks}, Tom and {Schlafly}, Eddie F. and {Schneider}, Donald P. and
         {Shen}, Yue and {Stassun}, Keivan and {Tonry}, John T. and
         {Walter}, Fabian and {Waters}, Chris Z.},
        title = "{The Time Domain Spectroscopic Survey: Variable Selection and Anticipated Results}",
      journal = {\apj},
     keywords = {quasars: supermassive black holes, stars: variables: general, surveys, Astrophysics - High Energy Astrophysical Phenomena, Astrophysics - Solar and Stellar Astrophysics},
         year = "2015",
	month = 6,
       volume = {806},
       number = {2},
          eid = {244},
        pages = {244},
          doi = {10.1088/0004-637X/806/2/244},
archivePrefix = {arXiv},
       eprint = {1505.00760},
 primaryClass = {astro-ph.HE},
       adsurl = {https://ui.adsabs.harvard.edu/abs/2015ApJ...806..244M},
      adsnote = {Provided by the SAO/NASA Astrophysics Data System}
}

@INBOOK{2010SPIE.7741E..1NF,
       author = {{Filippini}, J.~P. and {Ade}, P.~A.~R. and {Amiri}, M. and
         {Benton}, S.~J. and {Bihary}, R. and {Bock}, J.~J. and {Bond}, J.~R. and
         {Bonetti}, J.~A. and {Bryan}, S.~A. and {Burger}, B. and
         {Chiang}, H.~C. and {Contaldi}, C.~R. and {Crill}, B.~P. and
         {Dor{\'e}}, O. and {Farhang}, M. and {Fissel}, L.~M. and {Gand
        ilo}, N.~N. and {Golwala}, S.~R. and {Gudmundsson}, J.~E. and
         {Halpern}, M. and {Hasselfield}, M. and {Hilton}, G. and {Holmes}, W. and
         {Hristov}, V.~V. and {Irwin}, K.~D. and {Jones}, W.~C. and
         {Kuo}, C.~L. and {MacTavish}, C.~J. and {Mason}, P.~V. and
         {Montroy}, T.~E. and {Morford}, T.~A. and {Netterfield}, C.~B. and
         {O'Dea}, D.~T. and {Rahlin}, A.~S. and {Reintsema}, C.~D. and
         {Ruhl}, J.~E. and {Runyan}, M.~C. and {Schenker}, M.~A. and
         {Shariff}, J.~A. and {Soler}, J.~D. and {Trangsrud}, A. and
         {Tucker}, C. and {Tucker}, R.~S. and {Turner}, A.~D.},
        title = "{SPIDER: a balloon-borne CMB polarimeter for large angular scales}",
     keywords = {Astrophysics - Cosmology and Extragalactic Astrophysics, Astrophysics - Instrumentation and Methods for Astrophysics},
    booktitle = {\procspie},
         year = "2010",
       volume = {7741},
       series = {Society of Photo-Optical Instrumentation Engineers (SPIE) Conference Series},
          eid = {77411N},
        pages = {77411N},
          doi = {10.1117/12.857720},
       adsurl = {https://ui.adsabs.harvard.edu/abs/2010SPIE.7741E..1NF},
      adsnote = {Provided by the SAO/NASA Astrophysics Data System}
}

@ARTICLE{2011arXiv1110.3193L,
       author = {{Laureijs}, R. and {Amiaux}, J. and {Arduini}, S. and
         {Augu{\`e}res}, J. -L. and {Brinchmann}, J. and {Cole}, R. and
         {Cropper}, M. and {Dabin}, C. and {Duvet}, L. and {Ealet}, A. and
         {Garilli}, B. and {Gondoin}, P. and {Guzzo}, L. and {Hoar}, J. and
         {Hoekstra}, H. and {Holmes}, R. and {Kitching}, T. and {Maciaszek}, T. and
         {Mellier}, Y. and {Pasian}, F. and {Percival}, W. and {Rhodes}, J. and
         {Saavedra Criado}, G. and {Sauvage}, M. and {Scaramella}, R. and
         {Valenziano}, L. and {Warren}, S. and {Bender}, R. and {Castander}, F. and
         {Cimatti}, A. and {Le F{\`e}vre}, O. and {Kurki-Suonio}, H. and
         {Levi}, M. and {Lilje}, P. and {Meylan}, G. and {Nichol}, R. and
         {Pedersen}, K. and {Popa}, V. and {Rebolo Lopez}, R. and {Rix}, H. -W. and
         {Rottgering}, H. and {Zeilinger}, W. and {Grupp}, F. and {Hudelot}, P. and
         {Massey}, R. and {Meneghetti}, M. and {Miller}, L. and {Paltani}, S. and
         {Paulin-Henriksson}, S. and {Pires}, S. and {Saxton}, C. and
         {Schrabback}, T. and {Seidel}, G. and {Walsh}, J. and {Aghanim}, N. and
         {Amendola}, L. and {Bartlett}, J. and {Baccigalupi}, C. and
         {Beaulieu}, J. -P. and {Benabed}, K. and {Cuby}, J. -G. and
         {Elbaz}, D. and {Fosalba}, P. and {Gavazzi}, G. and {Helmi}, A. and
         {Hook}, I. and {Irwin}, M. and {Kneib}, J. -P. and {Kunz}, M. and
         {Mannucci}, F. and {Moscardini}, L. and {Tao}, C. and {Teyssier}, R. and
         {Weller}, J. and {Zamorani}, G. and {Zapatero Osorio}, M.~R. and
         {Boulade}, O. and {Foumond}, J.~J. and {Di Giorgio}, A. and
         {Guttridge}, P. and {James}, A. and {Kemp}, M. and {Martignac}, J. and
         {Spencer}, A. and {Walton}, D. and {Bl{\"u}mchen}, T. and {Bonoli}, C. and
         {Bortoletto}, F. and {Cerna}, C. and {Corcione}, L. and {Fabron}, C. and
         {Jahnke}, K. and {Ligori}, S. and {Madrid}, F. and {Martin}, L. and
         {Morgante}, G. and {Pamplona}, T. and {Prieto}, E. and {Riva}, M. and
         {Toledo}, R. and {Trifoglio}, M. and {Zerbi}, F. and {Abdalla}, F. and
         {Douspis}, M. and {Grenet}, C. and {Borgani}, S. and {Bouwens}, R. and
         {Courbin}, F. and {Delouis}, J. -M. and {Dubath}, P. and {Fontana}, A. and
         {Frailis}, M. and {Grazian}, A. and {Koppenh{\"o}fer}, J. and
         {Mansutti}, O. and {Melchior}, M. and {Mignoli}, M. and {Mohr}, J. and
         {Neissner}, C. and {Noddle}, K. and {Poncet}, M. and {Scodeggio}, M. and
         {Serrano}, S. and {Shane}, N. and {Starck}, J. -L. and {Surace}, C. and
         {Taylor}, A. and {Verdoes-Kleijn}, G. and {Vuerli}, C. and
         {Williams}, O.~R. and {Zacchei}, A. and {Altieri}, B. and
         {Escudero Sanz}, I. and {Kohley}, R. and {Oosterbroek}, T. and
         {Astier}, P. and {Bacon}, D. and {Bardelli}, S. and {Baugh}, C. and
         {Bellagamba}, F. and {Benoist}, C. and {Bianchi}, D. and {Biviano}, A. and
         {Branchini}, E. and {Carbone}, C. and {Cardone}, V. and {Clements}, D. and
         {Colombi}, S. and {Conselice}, C. and {Cresci}, G. and {Deacon}, N. and
         {Dunlop}, J. and {Fedeli}, C. and {Fontanot}, F. and {Franzetti}, P. and
         {Giocoli}, C. and {Garcia-Bellido}, J. and {Gow}, J. and {Heavens}, A. and
         {Hewett}, P. and {Heymans}, C. and {Holland}, A. and {Huang}, Z. and
         {Ilbert}, O. and {Joachimi}, B. and {Jennins}, E. and {Kerins}, E. and
         {Kiessling}, A. and {Kirk}, D. and {Kotak}, R. and {Krause}, O. and
         {Lahav}, O. and {van Leeuwen}, F. and {Lesgourgues}, J. and
         {Lombardi}, M. and {Magliocchetti}, M. and {Maguire}, K. and
         {Majerotto}, E. and {Maoli}, R. and {Marulli}, F. and
         {Maurogordato}, S. and {McCracken}, H. and {McLure}, R. and
         {Melchiorri}, A. and {Merson}, A. and {Moresco}, M. and {Nonino}, M. and
         {Norberg}, P. and {Peacock}, J. and {Pello}, R. and {Penny}, M. and
         {Pettorino}, V. and {Di Porto}, C. and {Pozzetti}, L. and
         {Quercellini}, C. and {Radovich}, M. and {Rassat}, A. and {Roche}, N. and
         {Ronayette}, S. and {Rossetti}, E. and {Sartoris}, B. and
         {Schneider}, P. and {Semboloni}, E. and {Serjeant}, S. and
         {Simpson}, F. and {Skordis}, C. and {Smadja}, G. and {Smartt}, S. and
         {Spano}, P. and {Spiro}, S. and {Sullivan}, M. and {Tilquin}, A. and
         {Trotta}, R. and {Verde}, L. and {Wang}, Y. and {Williger}, G. and
         {Zhao}, G. and {Zoubian}, J. and {Zucca}, E.},
        title = "{Euclid Definition Study Report}",
      journal = {arXiv e-prints},
     keywords = {Astrophysics - Cosmology and Extragalactic Astrophysics, Astrophysics - Galaxy Astrophysics},
         year = "2011",
	month = 10,
archivePrefix = {arXiv},
       eprint = {1110.3193},
 primaryClass = {astro-ph.CO},
       adsurl = {https://ui.adsabs.harvard.edu/abs/2011arXiv1110.3193L},
      adsnote = {Provided by the SAO/NASA Astrophysics Data System}
}

@ARTICLE{desc_white,
       author = {{LSST Dark Energy Science Collaboration}},
        title = "{Large Synoptic Survey Telescope: Dark Energy Science Collaboration}",
      journal = {arXiv e-prints},
     keywords = {Astrophysics - Cosmology and Extragalactic Astrophysics, High Energy Physics - Experiment},
         year = "2012",
	month = 11,
archivePrefix = {arXiv},
       eprint = {1211.0310},
 primaryClass = {astro-ph.CO},
       adsurl = {https://ui.adsabs.harvard.edu/abs/2012arXiv1211.0310L},
      adsnote = {Provided by the SAO/NASA Astrophysics Data System}
}

@ARTICLE{2017JInst..12C3017A,
       author = {{Antilogus}, P. and {Bailly}, P. and {Barrillon}, P. and {Dhellot}, M. and
         {El berni}, A. and {Jeglot}, J. and {Juramy-Gilles}, C. and
         {Lebbolo}, H. and {Martin}, D. and {Moniez}, M. and {Vallerand}, P.},
        title = "{ASPIC and CABAC: two ASICs to readout and pilot CCD}",
      journal = {Journal of Instrumentation},
         year = 2017,
	month = 3,
       volume = {12},
       number = {3},
        pages = {C03017},
          doi = {10.1088/1748-0221/12/03/C03017},
       adsurl = {https://ui.adsabs.harvard.edu/abs/2017JInst..12C3017A},
      adsnote = {Provided by the SAO/NASA Astrophysics Data System}
}

@ARTICLE{LSST_DM,
       author = {{Juri{\'c}}, M. and others},
        title = "{Data Products Definition Document}",
      journal = {LSST Document},
         year = 2019,
	month = 7,
    	    url = {https://ls.st/LSE-163},
}

@ARTICLE{2019PhRvL.122q1301A,
       author = {{Abbott}, T.~M.~C. and {Alarcon}, A. and {Allam}, S. and {Andersen}, P. and
         {Andrade-Oliveira}, F. and {Annis}, J. and {Asorey}, J. and
         {Avila}, S. and {Bacon}, D. and {Banik}, N. and {Bassett}, B.~A. and
         {Baxter}, E. and {Bechtol}, K. and {Becker}, M.~R. and
         {Bernstein}, G.~M. and {Bertin}, E. and {Blazek}, J. and
         {Bridle}, S.~L. and {Brooks}, D. and {Brout}, D. and {Burke}, D.~L. and
         {Calcino}, J. and {Camacho}, H. and {Campos}, A. and
         {Carnero Rosell}, A. and {Carollo}, D. and {Carrasco Kind}, M. and
         {Carretero}, J. and {Castander}, F.~J. and {Cawthon}, R. and
         {Challis}, P. and {Chan}, K.~C. and {Chang}, C. and {Childress}, M. and
         {Crocce}, M. and {Cunha}, C.~E. and {D'Andrea}, C.~B. and
         {da Costa}, L.~N. and {Davis}, C. and {Davis}, T.~M. and
         {De Vicente}, J. and {DePoy}, D.~L. and {DeRose}, J. and {Desai}, S. and
         {Diehl}, H.~T. and {Dietrich}, J.~P. and {Dodelson}, S. and {Doel}, P. and
         {Drlica-Wagner}, A. and {Eifler}, T.~F. and {Elvin-Poole}, J. and
         {Estrada}, J. and {Evrard}, A.~E. and {Fernandez}, E. and
         {Flaugher}, B. and {Foley}, R.~J. and {Fosalba}, P. and {Frieman}, J. and
         {Galbany}, L. and {Garc{\'\i}a-Bellido}, J. and {Gatti}, M. and
         {Gaztanaga}, E. and {Gerdes}, D.~W. and {Giannantonio}, T. and
         {Glazebrook}, K. and {Goldstein}, D.~A. and {Gruen}, D. and
         {Gruendl}, R.~A. and {Gschwend}, J. and {Gutierrez}, G. and
         {Hartley}, W.~G. and {Hinton}, S.~R. and {Hollowood}, D.~L. and
         {Honscheid}, K. and {Hoormann}, J.~K. and {Hoyle}, B. and
         {Huterer}, D. and {Jain}, B. and {James}, D.~J. and {Jarvis}, M. and
         {Jeltema}, T. and {Kasai}, E. and {Kent}, S. and {Kessler}, R. and
         {Kim}, A.~G. and {Kokron}, N. and {Krause}, E. and {Kron}, R. and
         {Kuehn}, K. and {Kuropatkin}, N. and {Lahav}, O. and {Lasker}, J. and
         {Lemos}, P. and {Lewis}, G.~F. and {Li}, T.~S. and {Lidman}, C. and
         {Lima}, M. and {Lin}, H. and {Macaulay}, E. and {MacCrann}, N. and
         {Maia}, M.~A.~G. and {March}, M. and {Marriner}, J. and
         {Marshall}, J.~L. and {Martini}, P. and {McMahon}, R.~G. and
         {Melchior}, P. and {Menanteau}, F. and {Miquel}, R. and {Mohr}, J.~J. and
         {Morganson}, E. and {Muir}, J. and {M{\"o}ller}, A. and {Neilsen}, E. and
         {Nichol}, R.~C. and {Nord}, B. and {Ogando}, R.~L.~C. and
         {Palmese}, A. and {Pan}, Y. -C. and {Peiris}, H.~V. and
         {Percival}, W.~J. and {Plazas}, A.~A. and {Porredon}, A. and
         {Prat}, J. and {Romer}, A.~K. and {Roodman}, A. and {Rosenfeld}, R. and
         {Ross}, A.~J. and {Rykoff}, E.~S. and {Samuroff}, S. and
         {S{\'a}nchez}, C. and {Sanchez}, E. and {Scarpine}, V. and
         {Schindler}, R. and {Schubnell}, M. and {Scolnic}, D. and
         {Secco}, L.~F. and {Serrano}, S. and {Sevilla-Noarbe}, I. and
         {Sharp}, R. and {Sheldon}, E. and {Smith}, M. and {Soares-Santos}, M. and
         {Sobreira}, F. and {Sommer}, N.~E. and {Swann}, E. and
         {Swanson}, M.~E.~C. and {Tarle}, G. and {Thomas}, D. and
         {Thomas}, R.~C. and {Troxel}, M.~A. and {Tucker}, B.~E. and
         {Uddin}, S.~A. and {Vielzeuf}, P. and {Walker}, A.~R. and {Wang}, M. and
         {Weaverdyck}, N. and {Wechsler}, R.~H. and {Weller}, J. and
         {Yanny}, B. and {Zhang}, B. and {Zhang}, Y. and {Zuntz}, J. and
         {DES Collaboration}},
        title = "{Cosmological Constraints from Multiple Probes in the Dark Energy Survey}",
      journal = {\prl},
     keywords = {Astrophysics - Cosmology and Nongalactic Astrophysics},
         year = 2019,
	month = 5,
       volume = {122},
       number = {17},
          eid = {171301},
        pages = {171301},
          doi = {10.1103/PhysRevLett.122.171301},
archivePrefix = {arXiv},
       eprint = {1811.02375},
 primaryClass = {astro-ph.CO},
       adsurl = {https://ui.adsabs.harvard.edu/abs/2019PhRvL.122q1301A},
      adsnote = {Provided by the SAO/NASA Astrophysics Data System}
}

@ARTICLE{2010arXiv1001.0061R,
       author = {{Refregier}, A. and {Amara}, A. and {Kitching}, T.~D. and {Rassat}, A. and
         {Scaramella}, R. and {Weller}, J.},
        title = "{Euclid Imaging Consortium Science Book}",
      journal = {arXiv e-prints},
     keywords = {Astrophysics - Instrumentation and Methods for Astrophysics, Astrophysics - Cosmology and Nongalactic Astrophysics},
         year = 2010,
	month = 1,
          eid = {arXiv:1001.0061},
        pages = {arXiv:1001.0061},
archivePrefix = {arXiv},
       eprint = {1001.0061},
 primaryClass = {astro-ph.IM},
       adsurl = {https://ui.adsabs.harvard.edu/abs/2010arXiv1001.0061R},
      adsnote = {Provided by the SAO/NASA Astrophysics Data System}
}

@misc{lsst_web,
  title = {Rubin Observatory},
  url={https://www.lsst.org/}, 
  journal = {Welcome | Rubin Observatory}, 
  year = {2020}, 
	month = 8,
}

@misc{planck_web,
  title = {Planck},
  url={https://www.esa.int/Enabling_Support/Operations/Planck/}, 
  journal = {European Space Agency}, 
  year = {2020}, 
	month = 8,
}

@misc{wmap_web,
  title = {Nancy Grace Roman Space Telescope},
  url={https://roman.gsfc.nasa.gov/}, 
  journal = {NASA}, 
  year = {2020}, 
	month = 9,
}