@ARTICLE{DE_probes2,
       author = {{Jain}, Bhuvnesh and {Joyce}, Austin and {Thompson}, Rodger and
         {Upadhye}, Amol and {Battat}, James and {Brax}, Philippe and
         {Davis}, Anne-Christine and {de Rham}, Claudia and {Dodelson}, Scott and
         {Erickcek}, Adrienne and {Gabadadze}, Gregory and {Hu}, Wayne and
         {Hui}, Lam and {Huterer}, Dragan and {Kamionkowski}, Marc and
         {Khoury}, Justin and {Koyama}, Kazuya and {Li}, Baojiu and
         {Linder}, Eric and {Schmidt}, Fabian and {Scoccimarro}, Roman and
         {Starkman}, Glenn and {Stubbs}, Chris and {Takada}, Masahiro and
         {Tolley}, Andrew and {Trodden}, Mark and {Uzan}, Jean-Philippe and
         {Vikram}, Vinu and {Weltman}, Amanda and {Wyman}, Mark and
         {Zaritsky}, Dennis and {Zhao}, Gongbo},
        title = "{Novel Probes of Gravity and Dark Energy}",
      journal = {arXiv e-prints},
     keywords = {Astrophysics - Cosmology and Extragalactic Astrophysics},
         year = "2013",
        month = "9",
          eid = {arXiv:1309.5389},
        pages = {arXiv:1309.5389},
archivePrefix = {arXiv},
       eprint = {1309.5389},
 primaryClass = {astro-ph.CO},
       adsurl = {https://ui.adsabs.harvard.edu/abs/2013arXiv1309.5389J},
      adsnote = {Provided by the SAO/NASA Astrophysics Data System}
}

@ARTICLE{riess,
       author = {{Riess}, Adam G. and {Filippenko}, Alexei V. and {Challis}, Peter and
         {Clocchiatti}, Alejandro and {Diercks}, Alan and {Garnavich}, Peter M. and
         {Gilliland}, Ron L. and {Hogan}, Craig J. and {Jha}, Saurabh and
         {Kirshner}, Robert P. and {Leibundgut}, B. and {Phillips}, M.~M. and
         {Reiss}, David and {Schmidt}, Brian P. and {Schommer}, Robert A. and
         {Smith}, R. Chris and {Spyromilio}, J. and {Stubbs}, Christopher and
         {Suntzeff}, Nicholas B. and {Tonry}, John},
        title = "{Observational Evidence from Supernovae for an Accelerating Universe and a Cosmological Constant}",
      journal = {\aj},
     keywords = {COSMOLOGY: OBSERVATIONS, STARS: SUPERNOVAE: GENERAL, Astrophysics},
         year = "1998",
        month = "9",
       volume = {116},
       number = {3},
        pages = {1009-1038},
          doi = {10.1086/300499},
archivePrefix = {arXiv},
       eprint = {astro-ph/9805201},
 primaryClass = {astro-ph},
       adsurl = {https://ui.adsabs.harvard.edu/abs/1998AJ....116.1009R},
      adsnote = {Provided by the SAO/NASA Astrophysics Data System}
}

@ARTICLE{SN,
       author = {{Filippenko}, Alexei V.},
        title = "{Optical Spectra of Supernovae}",
      journal = {\araa},
         year = "1997",
        month = "1",
       volume = {35},
        pages = {309-355},
          doi = {10.1146/annurev.astro.35.1.309},
       adsurl = {https://ui.adsabs.harvard.edu/abs/1997ARA&A..35..309F},
      adsnote = {Provided by the SAO/NASA Astrophysics Data System}
}

@ARTICLE{SN_lum,
       author = {{Phillips}, M.~M.},
        title = "{The Absolute Magnitudes of Type IA Supernovae}",
      journal = {\apjl},
     keywords = {Light Curve, Stellar Magnitude, Supernovae, White Dwarf Stars, Astronomical Photometry, Brightness Distribution, Stellar Luminosity, Astrophysics, COSMOLOGY: DISTANCE SCALE, STARS: SUPERNOVAE: GENERAL},
         year = "1993",
        month = "8",
       volume = {413},
        pages = {L105},
          doi = {10.1086/186970},
       adsurl = {https://ui.adsabs.harvard.edu/abs/1993ApJ...413L.105P},
      adsnote = {Provided by the SAO/NASA Astrophysics Data System}
}

@ARTICLE{zwicky,
       author = {{Zwicky}, F.},
        title = "{Die Rotverschiebung von extragalaktischen Nebeln}",
      journal = {Helvetica Physica Acta},
         year = "1933",
        month = "1",
       volume = {6},
        pages = {110-127},
       adsurl = {https://ui.adsabs.harvard.edu/abs/1933AcHPh...6..110Z},
      adsnote = {Provided by the SAO/NASA Astrophysics Data System}
}

@INBOOK{Gott,
       author = {{Iii}, J. Richard Gott and {Gunn}, James E. and {Schramm}, David N. and
         {Tinsley}, Beatrice M.},
        title = "{An Unbound Universe?}",
    booktitle = {The Big Bang and Other Explosions in Nuclear and Particle Astrophysics. Edited by SCHRAMM DAVID N. Published by World Scientific Publishing Co. Pte. Ltd},
         year = "1996",
        pages = {18-28},
          doi = {10.1142/9789812831538_0003},
       adsurl = {https://ui.adsabs.harvard.edu/abs/1996bboe.book...18I},
      adsnote = {Provided by the SAO/NASA Astrophysics Data System}
}

@ARTICLE{white,
       author = {{White}, S.~D.~M. and {Efstathiou}, G. and {Frenk}, C.~S.},
        title = "{The amplitude of mass fluctuations in the universe}",
      journal = {\mnras},
     keywords = {Dark Matter, Galactic Clusters, Mass Distribution, Universe, Fluctuation Theory, Galactic Structure, Linear Equations, Astrophysics},
         year = "1993",
        month = "6",
       volume = {262},
       number = {4},
        pages = {1023-1028},
          doi = {10.1093/mnras/262.4.1023},
       adsurl = {https://ui.adsabs.harvard.edu/abs/1993MNRAS.262.1023W},
      adsnote = {Provided by the SAO/NASA Astrophysics Data System}
}

@ARTICLE{SL_in_CLGs,
       author = {{Jullo}, E. and {Natarajan}, P. and {Kneib}, J. -P. and {D'Aloisio}, A. and
         {Limousin}, M. and {Richard}, J. and {Schimd}, C.},
        title = "{Cosmological constraints from strong gravitational lensing in clusters of galaxies.}",
      journal = {Science},
     keywords = {Astrophysics - Cosmology and Extragalactic Astrophysics},
         year = "2010",
        month = "8",
       volume = {329},
        pages = {924-927},
          doi = {10.1126/science.1185759},
archivePrefix = {arXiv},
       eprint = {1008.4802},
 primaryClass = {astro-ph.CO},
       adsurl = {https://ui.adsabs.harvard.edu/abs/2010Sci...329..924J},
      adsnote = {Provided by the SAO/NASA Astrophysics Data System}
}


@BOOK{Ref:Weinberg,
       author = {{Weinberg}, Steven},
        title = "{Cosmology}",
         year = "2008",
    publisher = {Oxford University Press},
       adsurl = {https://ui.adsabs.harvard.edu/abs/2008cosm.book.....W},
      adsnote = {Provided by the SAO/NASA Astrophysics Data System}
}


@BOOK{2002col.luc..cosmology,
   author = {{Coles}, P. and {Lucchin}, F.},
    title = "{Cosmology: The Origin and Evolution of Cosmic Structure, Second Edition}",
booktitle = {Cosmology: The Origin and Evolution of Cosmic Structure, Second Edition, by Peter Coles, Francesco Lucchin, pp.~512.~ISBN 0-471-48909-3.~Wiley-VCH , July 2002.},
     year = 2002,
publisher = {Wiley-VCH},
    month = jul,
    pages = {512},
   adsurl = {http://adsabs.harvard.edu/abs/2002coec.book.....C},
  adsnote = {Provided by the SAO/NASA Astrophysics Data System}
}

@BOOK{2010deto.book.....A,
       author = {{Amendola}, Luca and {Tsujikawa}, Shinji},
        title = "{Dark Energy: Theory and Observations}",
         year = 2010,
    publisher = {Cambridge University Press},
       adsurl = {https://ui.adsabs.harvard.edu/abs/2010deto.book.....A},
      adsnote = {Provided by the SAO/NASA Astrophysics Data System}
}

@ARTICLE{1929PNAS...15..168H,
       author = {{Hubble}, Edwin},
        title = "{A Relation between Distance and Radial Velocity among Extra-Galactic Nebulae}",
      journal = {Proceedings of the National Academy of Science},
         year = 1929,
        month = mar,
       volume = {15},
       number = {3},
        pages = {168-173},
          doi = {10.1073/pnas.15.3.168},
       adsurl = {https://ui.adsabs.harvard.edu/abs/1929PNAS...15..168H},
      adsnote = {Provided by the SAO/NASA Astrophysics Data System}
}

@misc{collaboration2018planck,
    title={Planck 2018 results. VI. Cosmological parameters},
    author={Planck Collaboration and N. Aghanim and Y. Akrami and M. Ashdown and J. Aumont and C. Baccigalupi and M. Ballardini and A. J. Banday and R. B. Barreiro and N. Bartolo and S. Basak and R. Battye and K. Benabed and J. -P. Bernard and M. Bersanelli and P. Bielewicz and J. J. Bock and J. R. Bond and J. Borrill and F. R. Bouchet and F. Boulanger and M. Bucher and C. Burigana and R. C. Butler and E. Calabrese and J. -F. Cardoso and J. Carron and A. Challinor and H. C. Chiang and J. Chluba and L. P. L. Colombo and C. Combet and D. Contreras and B. P. Crill and F. Cuttaia and P. de Bernardis and G. de Zotti and J. Delabrouille and J. -M. Delouis and E. Di Valentino and J. M. Diego and O. Dor� and M. Douspis and A. Ducout and X. Dupac and S. Dusini and G. Efstathiou and F. Elsner and T. A. En�lin and H. K. Eriksen and Y. Fantaye and M. Farhang and J. Fergusson and R. Fernandez-Cobos and F. Finelli and F. Forastieri and M. Frailis and A. A. Fraisse and E. Franceschi and A. Frolov and S. Galeotta and S. Galli and K. Ganga and R. T. G�nova-Santos and M. Gerbino and T. Ghosh and J. Gonz�lez-Nuevo and K. M. G�rski and S. Gratton and A. Gruppuso and J. E. Gudmundsson and J. Hamann and W. Handley and F. K. Hansen and D. Herranz and S. R. Hildebrandt and E. Hivon and Z. Huang and A. H. Jaffe and W. C. Jones and A. Karakci and E. Keih�nen and R. Keskitalo and K. Kiiveri and J. Kim and T. S. Kisner and L. Knox and N. Krachmalnicoff and M. Kunz and H. Kurki-Suonio and G. Lagache and J. -M. Lamarre and A. Lasenby and M. Lattanzi and C. R. Lawrence and M. Le Jeune and P. Lemos and J. Lesgourgues and F. Levrier and A. Lewis and M. Liguori and P. B. Lilje and M. Lilley and V. Lindholm and M. L�pez-Caniego and P. M. Lubin and Y. -Z. Ma and J. F. Mac�as-P�rez and G. Maggio and D. Maino and N. Mandolesi and A. Mangilli and A. Marcos-Caballero and M. Maris and P. G. Martin and M. Martinelli and E. Mart�nez-Gonz�lez and S. Matarrese and N. Mauri and J. D. McEwen and P. R. Meinhold and A. Melchiorri and A. Mennella and M. Migliaccio and M. Millea and S. Mitra and M. -A. Miville-Desch?nes and D. Molinari and L. Montier and G. Morgante and A. Moss and P. Natoli and H. U. N?rgaard-Nielsen and L. Pagano and D. Paoletti and B. Partridge and G. Patanchon and H. V. Peiris and F. Perrotta and V. Pettorino and F. Piacentini and L. Polastri and G. Polenta and J. -L. Puget and J. P. Rachen and M. Reinecke and M. Remazeilles and A. Renzi and G. Rocha and C. Rosset and G. Roudier and J. A. Rubi?o-Mart�n and B. Ruiz-Granados and L. Salvati and M. Sandri and M. Savelainen and D. Scott and E. P. S. Shellard and C. Sirignano and G. Sirri and L. D. Spencer and R. Sunyaev and A. -S. Suur-Uski and J. A. Tauber and D. Tavagnacco and M. Tenti and L. Toffolatti and M. Tomasi and T. Trombetti and L. Valenziano and J. Valiviita and B. Van Tent and L. Vibert and P. Vielva and F. Villa and N. Vittorio and B. D. Wandelt and I. K. Wehus and M. White and S. D. M. White and A. Zacchei and A. Zonca},
    year={2018},
    eprint={1807.06209},
    archivePrefix={arXiv},
    primaryClass={astro-ph.CO}
}

@ARTICLE{2016A&A...594A..13P,
       author = {{Planck Collaboration} and {Ade}, P.~A.~R. and {Aghanim}, N. and
         {Arnaud}, M. and {Ashdown}, M. and {Aumont}, J. and {Baccigalupi}, C. and
         {Banday}, A.~J. and {Barreiro}, R.~B. and {Bartlett}, J.~G. and
         {Bartolo}, N. and {Battaner}, E. and {Battye}, R. and {Benabed}, K. and
         {Beno{\^\i}t}, A. and {Benoit-L{\'e}vy}, A. and {Bernard}, J. -P. and
         {Bersanelli}, M. and {Bielewicz}, P. and {Bock}, J.~J. and
         {Bonaldi}, A. and {Bonavera}, L. and {Bond}, J.~R. and {Borrill}, J. and
         {Bouchet}, F.~R. and {Boulanger}, F. and {Bucher}, M. and
         {Burigana}, C. and {Butler}, R.~C. and {Calabrese}, E. and
         {Cardoso}, J. -F. and {Catalano}, A. and {Challinor}, A. and
         {Chamballu}, A. and {Chary}, R. -R. and {Chiang}, H.~C. and
         {Chluba}, J. and {Christensen}, P.~R. and {Church}, S. and
         {Clements}, D.~L. and {Colombi}, S. and {Colombo}, L.~P.~L. and
         {Combet}, C. and {Coulais}, A. and {Crill}, B.~P. and {Curto}, A. and
         {Cuttaia}, F. and {Danese}, L. and {Davies}, R.~D. and {Davis}, R.~J. and
         {de Bernardis}, P. and {de Rosa}, A. and {de Zotti}, G. and
         {Delabrouille}, J. and {D{\'e}sert}, F. -X. and {Di Valentino}, E. and
         {Dickinson}, C. and {Diego}, J.~M. and {Dolag}, K. and {Dole}, H. and
         {Donzelli}, S. and {Dor{\'e}}, O. and {Douspis}, M. and {Ducout}, A. and
         {Dunkley}, J. and {Dupac}, X. and {Efstathiou}, G. and {Elsner}, F. and
         {En{\ss}lin}, T.~A. and {Eriksen}, H.~K. and {Farhang}, M. and
         {Fergusson}, J. and {Finelli}, F. and {Forni}, O. and {Frailis}, M. and
         {Fraisse}, A.~A. and {Franceschi}, E. and {Frejsel}, A. and
         {Galeotta}, S. and {Galli}, S. and {Ganga}, K. and {Gauthier}, C. and
         {Gerbino}, M. and {Ghosh}, T. and {Giard}, M. and
         {Giraud-H{\'e}raud}, Y. and {Giusarma}, E. and {Gjerl{\o}w}, E. and
         {Gonz{\'a}lez-Nuevo}, J. and {G{\'o}rski}, K.~M. and {Gratton}, S. and
         {Gregorio}, A. and {Gruppuso}, A. and {Gudmundsson}, J.~E. and
         {Hamann}, J. and {Hansen}, F.~K. and {Hanson}, D. and
         {Harrison}, D.~L. and {Helou}, G. and {Henrot-Versill{\'e}}, S. and
         {Hern{\'a}ndez-Monteagudo}, C. and {Herranz}, D. and {Hildebrand
        t}, S.~R. and {Hivon}, E. and {Hobson}, M. and {Holmes}, W.~A. and
         {Hornstrup}, A. and {Hovest}, W. and {Huang}, Z. and
         {Huffenberger}, K.~M. and {Hurier}, G. and {Jaffe}, A.~H. and
         {Jaffe}, T.~R. and {Jones}, W.~C. and {Juvela}, M. and
         {Keih{\"a}nen}, E. and {Keskitalo}, R. and {Kisner}, T.~S. and
         {Kneissl}, R. and {Knoche}, J. and {Knox}, L. and {Kunz}, M. and
         {Kurki-Suonio}, H. and {Lagache}, G. and {L{\"a}hteenm{\"a}ki}, A. and
         {Lamarre}, J. -M. and {Lasenby}, A. and {Lattanzi}, M. and
         {Lawrence}, C.~R. and {Leahy}, J.~P. and {Leonardi}, R. and
         {Lesgourgues}, J. and {Levrier}, F. and {Lewis}, A. and {Liguori}, M. and
         {Lilje}, P.~B. and {Linden-V{\o}rnle}, M. and {L{\'o}pez-Caniego}, M. and
         {Lubin}, P.~M. and {Mac{\'\i}as-P{\'e}rez}, J.~F. and {Maggio}, G. and
         {Maino}, D. and {Mandolesi}, N. and {Mangilli}, A. and {Marchini}, A. and
         {Maris}, M. and {Martin}, P.~G. and {Martinelli}, M. and
         {Mart{\'\i}nez-Gonz{\'a}lez}, E. and {Masi}, S. and {Matarrese}, S. and
         {McGehee}, P. and {Meinhold}, P.~R. and {Melchiorri}, A. and
         {Melin}, J. -B. and {Mendes}, L. and {Mennella}, A. and
         {Migliaccio}, M. and {Millea}, M. and {Mitra}, S. and
         {Miville-Desch{\^e}nes}, M. -A. and {Moneti}, A. and {Montier}, L. and
         {Morgante}, G. and {Mortlock}, D. and {Moss}, A. and {Munshi}, D. and
         {Murphy}, J.~A. and {Naselsky}, P. and {Nati}, F. and {Natoli}, P. and
         {Netterfield}, C.~B. and {N{\o}rgaard-Nielsen}, H.~U. and
         {Noviello}, F. and {Novikov}, D. and {Novikov}, I. and
         {Oxborrow}, C.~A. and {Paci}, F. and {Pagano}, L. and {Pajot}, F. and
         {Paladini}, R. and {Paoletti}, D. and {Partridge}, B. and {Pasian}, F. and
         {Patanchon}, G. and {Pearson}, T.~J. and {Perdereau}, O. and
         {Perotto}, L. and {Perrotta}, F. and {Pettorino}, V. and
         {Piacentini}, F. and {Piat}, M. and {Pierpaoli}, E. and
         {Pietrobon}, D. and {Plaszczynski}, S. and {Pointecouteau}, E. and
         {Polenta}, G. and {Popa}, L. and {Pratt}, G.~W. and {Pr{\'e}zeau}, G. and
         {Prunet}, S. and {Puget}, J. -L. and {Rachen}, J.~P. and
         {Reach}, W.~T. and {Rebolo}, R. and {Reinecke}, M. and
         {Remazeilles}, M. and {Renault}, C. and {Renzi}, A. and
         {Ristorcelli}, I. and {Rocha}, G. and {Rosset}, C. and {Rossetti}, M. and
         {Roudier}, G. and {Rouill{\'e} d'Orfeuil}, B. and {Rowan-Robinson}, M. and
         {Rubi{\~n}o-Mart{\'\i}n}, J.~A. and {Rusholme}, B. and {Said}, N. and
         {Salvatelli}, V. and {Salvati}, L. and {Sandri}, M. and {Santos}, D. and
         {Savelainen}, M. and {Savini}, G. and {Scott}, D. and
         {Seiffert}, M.~D. and {Serra}, P. and {Shellard}, E.~P.~S. and
         {Spencer}, L.~D. and {Spinelli}, M. and {Stolyarov}, V. and
         {Stompor}, R. and {Sudiwala}, R. and {Sunyaev}, R. and {Sutton}, D. and
         {Suur-Uski}, A. -S. and {Sygnet}, J. -F. and {Tauber}, J.~A. and
         {Terenzi}, L. and {Toffolatti}, L. and {Tomasi}, M. and {Tristram}, M. and
         {Trombetti}, T. and {Tucci}, M. and {Tuovinen}, J. and
         {T{\"u}rler}, M. and {Umana}, G. and {Valenziano}, L. and
         {Valiviita}, J. and {Van Tent}, F. and {Vielva}, P. and {Villa}, F. and
         {Wade}, L.~A. and {Wandelt}, B.~D. and {Wehus}, I.~K. and {White}, M. and
         {White}, S.~D.~M. and {Wilkinson}, A. and {Yvon}, D. and {Zacchei}, A. and
         {Zonca}, A.},
        title = "{Planck 2015 results. XIII. Cosmological parameters}",
      journal = {\aap},
     keywords = {cosmology: observations, cosmology: theory, cosmic background radiation, cosmological parameters, Astrophysics - Cosmology and Nongalactic Astrophysics},
         year = 2016,
        month = sep,
       volume = {594},
          eid = {A13},
        pages = {A13},
          doi = {10.1051/0004-6361/201525830},
archivePrefix = {arXiv},
       eprint = {1502.01589},
 primaryClass = {astro-ph.CO},
       adsurl = {https://ui.adsabs.harvard.edu/abs/2016A&A...594A..13P},
      adsnote = {Provided by the SAO/NASA Astrophysics Data System}
}

@article{10.1143/PTPS.78.1,
    author = {Kodama, Hideo and Sasaki, Misao},
    title = "{Cosmological Perturbation Theory}",
    journal = {Progress of Theoretical Physics Supplement},
    volume = {78},
    pages = {1-166},
    year = {1984},
    month = {01},
    abstract = "{The linear perturbation theory of spatially homogeneous and isotropic universes is reviewed and reformulated extensively. In the first half of the article, a gauge-invariant formulation of the theory is carried out with special attention paid to the geometrical meaning of the perturbation. In the second half of the article, the application of the theory to some important cosmological models is discussed.}",
    issn = {0375-9687},
    doi = {10.1143/PTPS.78.1},
    url = {https://doi.org/10.1143/PTPS.78.1},
    eprint = {https://academic.oup.com/ptps/article-pdf/doi/10.1143/PTPS.78.1/5321391/78-1.pdf},
}

@article{PhysRevD.40.1804,
  title = {Covariant and gauge-invariant approach to cosmological density fluctuations},
  author = {Ellis, G. F. R. and Bruni, M.},
  journal = {Phys. Rev. D},
  volume = {40},
  issue = {6},
  pages = {1804--1818},
  numpages = {0},
  year = {1989},
  month = {Sep},
  publisher = {American Physical Society},
  doi = {10.1103/PhysRevD.40.1804},
  url = {https://link.aps.org/doi/10.1103/PhysRevD.40.1804}
}

@article{PhysRevD.22.1882,
  title = {Gauge-invariant cosmological perturbations},
  author = {Bardeen, James M.},
  journal = {Phys. Rev. D},
  volume = {22},
  issue = {8},
  pages = {1882--1905},
  numpages = {0},
  year = {1980},
  month = {Oct},
  publisher = {American Physical Society},
  doi = {10.1103/PhysRevD.22.1882},
  url = {https://link.aps.org/doi/10.1103/PhysRevD.22.1882}
}


@article{weinberg_observational_2013,
	title = {Observational {Probes} of {Cosmic} {Acceleration}},
	volume = {530},
	issn = {03701573},
	url = {http://arxiv.org/abs/1201.2434},
	doi = {10.1016/j.physrep.2013.05.001},
	number = {2},
	urldate = {2020-03-30},
	journal = {Physics Reports},
	author = {Weinberg, David H. and Mortonson, Michael J. and Eisenstein, Daniel J. and Hirata, Christopher and Riess, Adam G. and Rozo, Eduardo},
	month = sep,
	year = {2013},
	note = {arXiv: 1201.2434
version: 2},
	keywords = {Astrophysics - Cosmology and Nongalactic Astrophysics},
	pages = {87--255},
	annote = {Comment: 289 pages, 55 figures. Accepted for publication in Physics Reports. Description of changes since original version --- fractionally small but significant in total --- is available at http://www.astronomy.ohio-state.edu/{\textasciitilde}dhw/Review},
}

@article{Abbott_2019,
   title={First Cosmology Results using Type Ia Supernovae from the Dark Energy Survey: Constraints on Cosmological Parameters},
   volume={872},
   ISSN={2041-8213},
   url={http://dx.doi.org/10.3847/2041-8213/ab04fa},
   DOI={10.3847/2041-8213/ab04fa},
   number={2},
   journal={The Astrophysical Journal},
   publisher={American Astronomical Society},
   author={Abbott, T. M. C. and Allam, S. and Andersen, P. and Angus, C. and Asorey, J. and Avelino, A. and Avila, S. and Bassett, B. A. and Bechtol, K. and Bernstein, G. M. and et al.},
   year={2019},
   month={Feb},
   pages={L30}
}

@article{Kessler_2017,
	doi = {10.3847/1538-4357/836/1/56},
	url = {https://doi.org/10.3847%2F1538-4357%2F836%2F1%2F56},
	year = 2017,
	month = {feb},
	publisher = {American Astronomical Society},
	volume = {836},
	number = {1},
	pages = {56},
	author = {R. Kessler and D. Scolnic},
	title = {Correcting Type Ia Supernova Distances for Selection Biases and Contamination in Photometrically Identified Samples},
	journal = {The Astrophysical Journal},
}

@BOOK{1980_Peebles,
       author = {{Peebles}, P.~J.~E.},
        title = "{The large-scale structure of the universe}",
         year = 1980,
    publisher = {Princeton University Press},
       adsurl = {https://ui.adsabs.harvard.edu/abs/1980lssu.book.....P},
      adsnote = {Provided by the SAO/NASA Astrophysics Data System}
}

@ARTICLE{BAO_results,
       author = {{Blomqvist}, Michael and {du Mas des Bourboux}, H{\'e}lion and
         {Busca}, Nicol{\'a}s G. and {de Sainte Agathe}, Victoria and
         {Rich}, James and {Balland}, Christophe and {Bautista}, Julian E. and
         {Dawson}, Kyle and {Font-Ribera}, Andreu and {Guy}, Julien and
         {Le Goff}, Jean-Marc and {Palanque-Delabrouille}, Nathalie and
         {Percival}, Will J. and {P{\'e}rez-R{\`a}fols}, Ignasi and
         {Pieri}, Matthew M. and {Schneider}, Donald P. and
         {Slosar}, An{\v{z}}e and {Y{\`e}che}, Christophe},
        title = "{Baryon acoustic oscillations from the cross-correlation of Ly{\ensuremath{\alpha}} absorption and quasars in eBOSS DR14}",
      journal = {\aap},
     keywords = {large-scale structure of Universe, dark energy, cosmological parameters, cosmology: observations, quasars: absorption lines, Astrophysics - Cosmology and Nongalactic Astrophysics},
         year = 2019,
        month = sep,
       volume = {629},
          eid = {A86},
        pages = {A86},
          doi = {10.1051/0004-6361/201935641},
archivePrefix = {arXiv},
       eprint = {1904.03430},
 primaryClass = {astro-ph.CO},
       adsurl = {https://ui.adsabs.harvard.edu/abs/2019A&A...629A..86B},
      adsnote = {Provided by the SAO/NASA Astrophysics Data System}
}

@ARTICLE{1993ApJ...412...64L,
       author = {{Landy}, Stephen D. and {Szalay}, Alexander S.},
        title = "{Bias and Variance of Angular Correlation Functions}",
      journal = {\apj},
     keywords = {Angular Correlation, Bias, Computational Astrophysics, Galactic Clusters, Variance, Correlation Coefficients, Monte Carlo Method, Random Variables, Astrophysics, GALAXIES: CLUSTERING, METHODS: NUMERICAL},
         year = 1993,
        month = jul,
       volume = {412},
        pages = {64},
          doi = {10.1086/172900},
       adsurl = {https://ui.adsabs.harvard.edu/abs/1993ApJ...412...64L},
      adsnote = {Provided by the SAO/NASA Astrophysics Data System}
}

@ARTICLE{2005ApJ...633..560E,
       author = {{Eisenstein}, Daniel J. and {Zehavi}, Idit and {Hogg}, David W. and
         {Scoccimarro}, Roman and {Blanton}, Michael R. and {Nichol}, Robert C. and
         {Scranton}, Ryan and {Seo}, Hee-Jong and {Tegmark}, Max and
         {Zheng}, Zheng and {Anderson}, Scott F. and {Annis}, Jim and
         {Bahcall}, Neta and {Brinkmann}, Jon and {Burles}, Scott and {Castand
        er}, Francisco J. and {Connolly}, Andrew and {Csabai}, Istvan and
         {Doi}, Mamoru and {Fukugita}, Masataka and {Frieman}, Joshua A. and
         {Glazebrook}, Karl and {Gunn}, James E. and {Hendry}, John S. and
         {Hennessy}, Gregory and {Ivezi{\'c}}, Zeljko and {Kent}, Stephen and
         {Knapp}, Gillian R. and {Lin}, Huan and {Loh}, Yeong-Shang and
         {Lupton}, Robert H. and {Margon}, Bruce and {McKay}, Timothy A. and
         {Meiksin}, Avery and {Munn}, Jeffery A. and {Pope}, Adrian and
         {Richmond}, Michael W. and {Schlegel}, David and
         {Schneider}, Donald P. and {Shimasaku}, Kazuhiro and
         {Stoughton}, Christopher and {Strauss}, Michael A. and
         {SubbaRao}, Mark and {Szalay}, Alexander S. and {Szapudi}, Istv{\'a}n and
         {Tucker}, Douglas L. and {Yanny}, Brian and {York}, Donald G.},
        title = "{Detection of the Baryon Acoustic Peak in the Large-Scale Correlation Function of SDSS Luminous Red Galaxies}",
      journal = {\apj},
     keywords = {Cosmology: Cosmic Microwave Background, Cosmology: Cosmological Parameters, Cosmology: Observations, Cosmology: Distance Scale, Galaxies: Elliptical and Lenticular, cD, Cosmology: Large-Scale Structure of Universe, Astrophysics},
         year = 2005,
        month = nov,
       volume = {633},
       number = {2},
        pages = {560-574},
          doi = {10.1086/466512},
archivePrefix = {arXiv},
       eprint = {astro-ph/0501171},
 primaryClass = {astro-ph},
       adsurl = {https://ui.adsabs.harvard.edu/abs/2005ApJ...633..560E},
      adsnote = {Provided by the SAO/NASA Astrophysics Data System}
}

