

@book{Hockney:1988:CSU:62815,
 author = {Hockney, R. W. and Eastwood, J. W.},
 title = {Computer Simulation Using Particles},
 year = {1988},
 isbn = {0-85274-392-0},
 publisher = {Taylor \& Francis, Inc.},
 address = {Bristol, PA, USA},
}

@ARTICLE{class,
   author = {{Blas}, D. and {Lesgourgues}, J. and {Tram}, T.},
    title = "{The Cosmic Linear Anisotropy Solving System (CLASS). Part II: Approximation schemes}",
  journal = {\jcap},
archivePrefix = "arXiv",
   eprint = {1104.2933},
     year = 2011,
    month = jul,
   volume = 7,
      eid = {034},
    pages = {034},
      doi = {10.1088/1475-7516/2011/07/034},
   adsurl = {http://adsabs.harvard.edu/abs/2011JCAP...07..034B},
  adsnote = {Provided by the SAO/NASA Astrophysics Data System}
}

@article{Heitmann:2015xma,
      author         = "Heitmann, Katrin and others",
      title          = "{The Mira–Titan Universe: Precision Predictions for
                        Dark Energy Surveys}",
      journal        = "Astrophys. J.",
      volume         = "820",
      year           = "2016",
      number         = "2",
      pages          = "108",
      doi            = "10.3847/0004-637X/820/2/108",
      eprint         = "1508.02654",
      archivePrefix  = "arXiv",
      primaryClass   = "astro-ph.CO",
      SLACcitation   = "%%CITATION = ARXIV:1508.02654;%%"
}

@article{doi:10.1002/zamm.19720520813,
author = {Schmidt, J. W.},
title = {J. M. Ortega and W. C. Rheinboldt, Iterative Solution of Nonlinear Equations in Several Variables. (Computer Science and Applied Mathematics). XX + 572 S. m. Fig. New York/London 1970. Academic Press. Preis geb. \$ 24.00},
journal = {ZAMM - Journal of Applied Mathematics and Mechanics / Zeitschrift für Angewandte Mathematik und Mechanik},
volume = {52},
number = {8},
pages = {499-499},
doi = {10.1002/zamm.19720520813},
url = {https://onlinelibrary.wiley.com/doi/abs/10.1002/zamm.19720520813},
eprint = {https://onlinelibrary.wiley.com/doi/pdf/10.1002/zamm.19720520813},
year = {1972}
}

@INPROCEEDINGS{MG_overview,
   author = {{Henson}, V.~E.},
    title = "{Multigrid methods nonlinear problems: an overview}",
booktitle = {Computational Imaging},
     year = 2003,
   series = {\procspie},
   volume = 5016,
   editor = {{Bouman}, C.~A. and {Stevenson}, R.~L.},
    month = jun,
    pages = {36-48},
      doi = {10.1117/12.499473},
   adsurl = {http://adsabs.harvard.edu/abs/2003SPIE.5016...36H},
  adsnote = {Provided by the SAO/NASA Astrophysics Data System}
}

@article{PhysRevD.93.103519,
  title = {Inverted initial conditions: Exploring the growth of cosmic structure and voids},
  author = {Pontzen, Andrew and Slosar, An\ifmmode \check{z}\else \v{z}\fi{}e and Roth, Nina and Peiris, Hiranya V.},
  journal = {Phys. Rev. D},
  volume = {93},
  issue = {10},
  pages = {103519},
  numpages = {11},
  year = {2016},
  month = {May},
  publisher = {American Physical Society},
  doi = {10.1103/PhysRevD.93.103519},
  url = {https://link.aps.org/doi/10.1103/PhysRevD.93.103519}
}

@ARTICLE{2018arXiv181205995C,
       author = {{Chisari}, Nora Elisa and {Alonso}, David and {Krause}, Elisabeth and
        {Leonard}, C. Danielle and {Bull}, Philip and {Neveu},
        J{\'e}r{\'e}my and {Villarreal}, Antonio and {Singh}, Sukhdeep
        and {McClintock}, Thomas and {Ellison}, John and {Du}, Zilong
        and {Zuntz}, Joe and {Mead}, Alexander and {Joudaki}, Shahab and
        {Lorenz}, Christiane S. and {Troester}, Tilman and {Sanchez},
        Javier and {Lanusse}, Francois and {Ishak}, Mustapha and
        {Hlozek}, Ren{\'e}e and {Blazek}, Jonathan and {Campagne}, Jean-
        Eric and {Almoubayyed}, Husni and {Eifler}, Tim and {Kirby},
        Matthew and {Kirkby}, David and {Plaszczynski}, St{\'e}phane and
        {Slosar}, Anze and {Vrastil}, Michal and {Wagoner}, Erika L.},
        title = "{Core Cosmology Library: Precision Cosmological Predictions for LSST}",
      journal = {arXiv e-prints},
     keywords = {Astrophysics - Cosmology and Nongalactic Astrophysics, Astrophysics - Instrumentation and Methods for Astrophysics},
         year = 2018,
        month = Dec,
          eid = {arXiv:1812.05995},
        pages = {arXiv:1812.05995},
archivePrefix = {arXiv},
       eprint = {1812.05995},
 primaryClass = {astro-ph.CO},
       adsurl = {https://ui.adsabs.harvard.edu/\#abs/2018arXiv181205995C},
      adsnote = {Provided by the SAO/NASA Astrophysics Data System}
}

@book{10.5555/42249,
author = {Press, William H. and Flannery, Brian P. and Teukolsky, Saul A. and Vetterling, William T.},
title = {Numerical Recipes in C: The Art of Scientific Computing},
year = {1988},
isbn = {052135465X},
publisher = {Cambridge University Press},
address = {USA}
}