@article{Amendola_2007,
   title={Conditions for the cosmological viability off(R)dark energy models},
   volume={75},
   ISSN={1550-2368},
   url={http://dx.doi.org/10.1103/PhysRevD.75.083504},
   DOI={10.1103/physrevd.75.083504},
   number={8},
   journal={Physical Review D},
   publisher={American Physical Society (APS)},
   author={Amendola, Luca and Gannouji, Radouane and Polarski, David and Tsujikawa, Shinji},
   year={2007},
   month={Apr}
}

@ARTICLE{1988PhLB..202..198M,
       author = {{M{\"u}ller}, V. and {Schmidt}, H. -J. and {Starobinsky}, A.~A.},
        title = "{The stability of the de Sitter space-time in fourth order gravity}",
      journal = {Physics Letters B},
         year = 1988,
        month = mar,
       volume = {202},
       number = {2},
        pages = {198-200},
          doi = {10.1016/0370-2693(88)90007-X},
       adsurl = {https://ui.adsabs.harvard.edu/abs/1988PhLB..202..198M},
      adsnote = {Provided by the SAO/NASA Astrophysics Data System}
}

@ARTICLE{2008PhRvD..77b3507T,
       author = {{Tsujikawa}, Shinji},
        title = "{Observational signatures of f(R) dark energy models that satisfy cosmological and local gravity constraints}",
      journal = {\prd},
     keywords = {98.80.-k, Cosmology, Astrophysics, General Relativity and Quantum Cosmology, High Energy Physics - Phenomenology, High Energy Physics - Theory},
         year = 2008,
        month = jan,
       volume = {77},
       number = {2},
          eid = {023507},
        pages = {023507},
          doi = {10.1103/PhysRevD.77.023507},
archivePrefix = {arXiv},
       eprint = {0709.1391},
 primaryClass = {astro-ph},
       adsurl = {https://ui.adsabs.harvard.edu/abs/2008PhRvD..77b3507T},
      adsnote = {Provided by the SAO/NASA Astrophysics Data System}
}

@ARTICLE{2007PhRvD..75d4004S,
       author = {{Song}, Yong-Seon and {Hu}, Wayne and {Sawicki}, Ignacy},
        title = "{Large scale structure of f(R) gravity}",
      journal = {\prd},
     keywords = {04.50.+h, 98.80.-k, Gravity in more than four dimensions Kaluza-Klein theory unified field theories, alternative theories of gravity, Cosmology, Astrophysics, General Relativity and Quantum Cosmology, High Energy Physics - Theory},
         year = 2007,
        month = feb,
       volume = {75},
       number = {4},
          eid = {044004},
        pages = {044004},
          doi = {10.1103/PhysRevD.75.044004},
archivePrefix = {arXiv},
       eprint = {astro-ph/0610532},
 primaryClass = {astro-ph},
       adsurl = {https://ui.adsabs.harvard.edu/abs/2007PhRvD..75d4004S},
      adsnote = {Provided by the SAO/NASA Astrophysics Data System}
}

@ARTICLE{2007PhRvL..98m1302A,
       author = {{Amendola}, Luca and {Polarski}, David and {Tsujikawa}, Shinji},
        title = "{Are f(R) Dark Energy Models Cosmologically Viable?}",
      journal = {\prl},
     keywords = {98.80.-k, 04.50.+h, 95.36.+x, Cosmology, Gravity in more than four dimensions Kaluza-Klein theory unified field theories, alternative theories of gravity, Dark energy, Astrophysics, General Relativity and Quantum Cosmology, High Energy Physics - Phenomenology, High Energy Physics - Theory},
         year = 2007,
        month = mar,
       volume = {98},
       number = {13},
          eid = {131302},
        pages = {131302},
          doi = {10.1103/PhysRevLett.98.131302},
archivePrefix = {arXiv},
       eprint = {astro-ph/0603703},
 primaryClass = {astro-ph},
       adsurl = {https://ui.adsabs.harvard.edu/abs/2007PhRvL..98m1302A},
      adsnote = {Provided by the SAO/NASA Astrophysics Data System}
}

@ARTICLE{2005gr.qc.....5136O,
       author = {{Olmo}, Gonzalo J.},
        title = "{Post-Newtonian constraints on f(R) cosmologies in Palatini formalism}",
      journal = {arXiv e-prints},
     keywords = {Astrophysics, General Relativity and Quantum Cosmology, High Energy Physics - Theory},
         year = 2005,
        month = may,
          eid = {gr-qc/0505136},
        pages = {gr-qc/0505136},
archivePrefix = {arXiv},
       eprint = {gr-qc/0505136},
 primaryClass = {astro-ph},
       adsurl = {https://ui.adsabs.harvard.edu/abs/2005gr.qc.....5136O},
      adsnote = {Provided by the SAO/NASA Astrophysics Data System}
}

@ARTICLE{2011RSPTA.369.4947B,
       author = {{Bertschinger}, E.},
        title = "{One gravitational potential or two? Forecasts and tests}",
      journal = {Philosophical Transactions of the Royal Society of London Series A},
     keywords = {Astrophysics - Cosmology and Extragalactic Astrophysics},
         year = 2011,
        month = dec,
       volume = {369},
       number = {1957},
        pages = {4947-4961},
          doi = {10.1098/rsta.2011.0369},
archivePrefix = {arXiv},
       eprint = {1111.4659},
 primaryClass = {astro-ph.CO},
       adsurl = {https://ui.adsabs.harvard.edu/abs/2011RSPTA.369.4947B},
      adsnote = {Provided by the SAO/NASA Astrophysics Data System}
}

