@ARTICLE{2020MNRAS.493.2085V,
       author = {{Vra{\v{s}}til}, Michal and {Habib}, Salman},
        title = "{Fast approximate methods for modified gravity cosmological simulations}",
      journal = {\mnras},
     keywords = {methods: numerical, large-scale structure of Universe, cosmology: theory},
         year = 2020,
        month = apr,
       volume = {493},
       number = {2},
        pages = {2085-2100},
          doi = {10.1093/mnras/staa333},
       adsurl = {https://ui.adsabs.harvard.edu/abs/2020MNRAS.493.2085V},
      adsnote = {Provided by the SAO/NASA Astrophysics Data System}
}

@ARTICLE{2019ApJS..242....2C,
       author = {{Chisari}, Nora Elisa and {Alonso}, David and {Krause}, Elisabeth and
         {Leonard}, C. Danielle and {Bull}, Philip and {Neveu}, J{\'e}r{\'e}my and
         {Villarreal}, Antonio and {Singh}, Sukhdeep and {McClintock}, Thomas and
         {Ellison}, John and {Du}, Zilong and {Zuntz}, Joe and {Mead}, Alexand
        er and {Joudaki}, Shahab and {Lorenz}, Christiane S. and
         {Tr{\"o}ster}, Tilman and {Sanchez}, Javier and {Lanusse}, Francois and
         {Ishak}, Mustapha and {Hlozek}, Ren{\'e}e and {Blazek}, Jonathan and
         {Campagne}, Jean-Eric and {Almoubayyed}, Husni and {Eifler}, Tim and
         {Kirby}, Matthew and {Kirkby}, David and {Plaszczynski}, St{\'e}phane and
         {Slosar}, An{\v{z}}e and {Vrastil}, Michal and {Wagoner}, Erika L. and
         {LSST Dark Energy Science Collaboration}},
        title = "{Core Cosmology Library: Precision Cosmological Predictions for LSST}",
      journal = {\apjs},
     keywords = {cosmology: theory, dark energy, large-scale structure of universe, Astrophysics - Cosmology and Nongalactic Astrophysics, Astrophysics - Instrumentation and Methods for Astrophysics},
         year = 2019,
        month = may,
       volume = {242},
       number = {1},
          eid = {2},
        pages = {2},
          doi = {10.3847/1538-4365/ab1658},
archivePrefix = {arXiv},
       eprint = {1812.05995},
 primaryClass = {astro-ph.CO},
       adsurl = {https://ui.adsabs.harvard.edu/abs/2019ApJS..242....2C},
      adsnote = {Provided by the SAO/NASA Astrophysics Data System}
}

@MISC{2019ascl.soft01003C,
       author = {{Chisari}, Nora Elisa and {Alonso}, David and {Krause}, Elisabeth and
         {Leonard}, C. Daniellle and {Bull}, Philip and {Neveu}, J{\'e}r{\'e}my and
         {Villarreal}, Antonio and {Singh}, Sukhdeep and {McClintock}, Thomas and
         {Ellison}, John and {Du}, Zilong and {Zuntz}, Joe and {Mead}, Alexand
        er and {Joudaki}, Shahab and {Lorenz}, Christiane S. and
         {Troester}, Tilman and {Sanchez}, Javier and {Lanusse}, Francois and
         {Ishak}, Mustapha and {Hlozek}, Ren{\'e}e and {Blazek}, Jonathan and
         {Campagne}, Jean-Eric and {Almoubayyed}, Husni and {Eifler}, Tim and
         {Kirby}, Matthew and {Kirkby}, David and {Plaszczynski}, St{\'e}phane and
         {Slosar}, Anze and {Vrastil}, Michal and {Wagoner}, Erika L.},
        title = "{CCL: Core Cosmology Library}",
     keywords = {Software},
         year = 2019,
        month = jan,
          eid = {ascl:1901.003},
        pages = {ascl:1901.003},
archivePrefix = {ascl},
       eprint = {1901.003},
       adsurl = {https://ui.adsabs.harvard.edu/abs/2019ascl.soft01003C},
      adsnote = {Provided by the SAO/NASA Astrophysics Data System}
}

@INPROCEEDINGS{2017EPJWC.14401014V,
       author = {{Vrastil}, Michal},
        title = "{Overview of Atmospheric Simulation Efforts in CTA}",
    booktitle = {European Physical Journal Web of Conferences},
         year = 2017,
       series = {European Physical Journal Web of Conferences},
       volume = {144},
        month = jan,
          eid = {01014},
        pages = {01014},
          doi = {10.1051/epjconf/201714401014},
       adsurl = {https://ui.adsabs.harvard.edu/abs/2017EPJWC.14401014V},
      adsnote = {Provided by the SAO/NASA Astrophysics Data System}
}

@ARTICLE{2016arXiv161005151C,
       author = {{CTA Consortium}},
        title = "{Contributions of the Cherenkov Telescope Array (CTA) to the 6th International Symposium on High-Energy Gamma-Ray Astronomy (Gamma 2016)}",
      journal = {arXiv e-prints},
     keywords = {Astrophysics - High Energy Astrophysical Phenomena},
         year = 2016,
        month = oct,
          eid = {arXiv:1610.05151},
        pages = {arXiv:1610.05151},
archivePrefix = {arXiv},
       eprint = {1610.05151},
 primaryClass = {astro-ph.HE},
       adsurl = {https://ui.adsabs.harvard.edu/abs/2016arXiv161005151C},
      adsnote = {Provided by the SAO/NASA Astrophysics Data System}
}


@BOOK{2019scta.book.....C,
       author = {{CTA Consortium}},
        title = "{Science with the Cherenkov Telescope Array}",
         year = 2019,
          doi = {10.1142/10986},
       adsurl = {https://ui.adsabs.harvard.edu/abs/2019scta.book.....C},
      adsnote = {Provided by the SAO/NASA Astrophysics Data System}
}

@ARTICLE{2017arXiv170903483A,
       author = {{CTA Consortium}},
        title = "{Cherenkov Telescope Array Contributions to the 35th International Cosmic Ray Conference (ICRC2017)}",
      journal = {arXiv e-prints},
     keywords = {Astrophysics - High Energy Astrophysical Phenomena},
         year = 2017,
        month = sep,
          eid = {arXiv:1709.03483},
        pages = {arXiv:1709.03483},
archivePrefix = {arXiv},
       eprint = {1709.03483},
 primaryClass = {astro-ph.HE},
       adsurl = {https://ui.adsabs.harvard.edu/abs/2017arXiv170903483A},
      adsnote = {Provided by the SAO/NASA Astrophysics Data System}
}

@ARTICLE{2017ApJ...840...74A,
       author = {{CTA Consortium}},
        title = "{Prospects for Cherenkov Telescope Array Observations of the Young Supernova Remnant RX J1713.7-3946}",
      journal = {\apj},
     keywords = {cosmic rays, gamma rays: ISM, ISM: individual objects: RX J1713.7─3946, G347.3─0.5, Astrophysics - High Energy Astrophysical Phenomena},
         year = 2017,
        month = may,
       volume = {840},
       number = {2},
          eid = {74},
        pages = {74},
          doi = {10.3847/1538-4357/aa6d67},
archivePrefix = {arXiv},
       eprint = {1704.04136},
 primaryClass = {astro-ph.HE},
       adsurl = {https://ui.adsabs.harvard.edu/abs/2017ApJ...840...74A},
      adsnote = {Provided by the SAO/NASA Astrophysics Data System}
}
