@ARTICLE{2003PhRvD..68l3512N,
       author = {{Nojiri}, Shin'ichi and {Odintsov}, Sergei D.},
        title = "{Modified gravity with negative and positive powers of curvature: Unification of inflation and cosmic acceleration}",
      journal = {\prd},
     keywords = {98.80.-k, 04.50.+h, 11.10.Kk, 11.10.Wx, Cosmology, Gravity in more than four dimensions Kaluza-Klein theory unified field theories, alternative theories of gravity, Field theories in dimensions other than four, Finite-temperature field theory, High Energy Physics - Theory, Astrophysics, High Energy Physics - Phenomenology},
         year = 2003,
        month = dec,
       volume = {68},
       number = {12},
          eid = {123512},
        pages = {123512},
          doi = {10.1103/PhysRevD.68.123512},
archivePrefix = {arXiv},
       eprint = {hep-th/0307288},
 primaryClass = {hep-th},
       adsurl = {https://ui.adsabs.harvard.edu/abs/2003PhRvD..68l3512N},
      adsnote = {Provided by the SAO/NASA Astrophysics Data System}
}

@ARTICLE{2007JETPL..86..157S,
       author = {{Starobinsky}, A.~A.},
        title = "{Disappearing cosmological constant in f( R) gravity}",
      journal = {Soviet Journal of Experimental and Theoretical Physics Letters},
     keywords = {04.50.+h, 95.36.+x, 98.80.-k, Astrophysics, General Relativity and Quantum Cosmology, High Energy Physics - Theory},
         year = 2007,
        month = oct,
       volume = {86},
       number = {3},
        pages = {157-163},
          doi = {10.1134/S0021364007150027},
archivePrefix = {arXiv},
       eprint = {0706.2041},
 primaryClass = {astro-ph},
       adsurl = {https://ui.adsabs.harvard.edu/abs/2007JETPL..86..157S},
      adsnote = {Provided by the SAO/NASA Astrophysics Data System}
}

