@mastersthesis{mastersthesis_vrastil,
  author       = {{Vra\v{s}til}, M.}, 
  title        = {Determination of parameters of dark energy and modified gravity in the LSST project},
  school       = {Charles University},
  year         = 2015,
  month        = 7,
}