
@article{Bharadwaj_1996,
	doi = {10.1086/178036},
	url = {https://doi.org/10.1086%2F178036},
	year = 1996,
	month = 11,
	publisher = {{IOP} Publishing},
	volume = {472},
	number = {1},
	pages = {1--13},
	author = {Somnath Bharadwaj},
	title = {The Evolution of Correlation Functions in the Zeldovich Approximation and Its Implications for the Validity of Perturbation Theory},
	journal = {\apj},
}

@ARTICLE{Ref:Feng,
       author = {{Feng}, Yu and {Chu}, Man-Yat and {Seljak}, Uro{\v{s}} and
         {McDonald}, Patrick},
        title = "{FASTPM: a new scheme for fast simulations of dark matter and haloes}",
      journal = {\mnras},
     keywords = {methods: numerical, galaxies: haloes, cosmology: theory, dark matter, large-scale structure of Universe, Astrophysics - Cosmology and Nongalactic Astrophysics},
         year = "2016",
	month = 12,
       volume = {463},
       number = {3},
        pages = {2273-2286},
          doi = {10.1093/mnras/stw2123},
archivePrefix = {arXiv},
       eprint = {1603.00476},
 primaryClass = {astro-ph.CO},
       adsurl = {https://ui.adsabs.harvard.edu/abs/2016MNRAS.463.2273F},
      adsnote = {Provided by the SAO/NASA Astrophysics Data System}
}